2013.01.09 14:00:00.804,0.7768,0.77709,1.35,1.73
2013.01.09 14:00:04.631,0.7768,0.7771,1.35,1.35
2013.01.09 14:00:05.819,0.77681,0.7771,1.35,1.35
2013.01.09 14:00:06.123,0.77683,0.7771,1.25,1.13
2013.01.09 14:00:06.258,0.77684,0.77713,1.73,1.35
2013.01.09 14:00:07.003,0.77684,0.77713,1.73,1.35
2013.01.09 14:00:10.103,0.77684,0.77713,2.10,1.35
2013.01.09 14:00:10.924,0.77684,0.77713,1.35,1.35
2013.01.09 14:00:11.427,0.77681,0.77711,2.48,1.35
2013.01.09 14:00:13.443,0.77683,0.77713,1.35,1.73
2013.01.09 14:00:16.012,0.77684,0.77713,1.35,2.10
2013.01.09 14:00:16.375,0.77686,0.77717,1.35,2.10
2013.01.09 14:00:22.272,0.77692,0.77719,1.73,1.35
2013.01.09 14:00:22.334,0.77692,0.77719,1.50,1.13
2013.01.09 14:00:22.392,0.77688,0.77719,1.35,1.73
2013.01.09 14:00:22.763,0.77687,0.77719,1.35,1.73
2013.01.09 14:00:23.063,0.77689,0.77719,1.41,1.73
2013.01.09 14:00:26.009,0.77694,0.77721,1.73,1.35
2013.01.09 14:00:26.314,0.77694,0.77725,2.02,1.73
2013.01.09 14:00:27.631,0.77697,0.77726,1.73,2.48
2013.01.09 14:00:28.186,0.77697,0.77724,1.73,1.13
2013.01.09 14:00:28.912,0.77699,0.77726,1.43,1.50
2013.01.09 14:00:29.436,0.77699,0.77728,1.43,1.35
2013.01.09 14:00:29.692,0.77699,0.7773,1.80,1.73
2013.01.09 14:00:29.754,0.77699,0.77731,1.35,1.73
2013.01.09 14:00:29.992,0.77699,0.77731,1.73,1.73
2013.01.09 14:00:30.112,0.77702,0.77731,1.35,1.73
2013.01.09 14:00:30.232,0.77702,0.77731,1.35,1.73
2013.01.09 14:00:31.139,0.77704,0.77735,1.73,1.74
2013.01.09 14:00:31.732,0.77704,0.77735,1.73,1.35
2013.01.09 14:00:31.942,0.777,0.77728,1.35,1.13
2013.01.09 14:00:32.182,0.77702,0.77729,1.35,1.73
2013.01.09 14:00:33.302,0.77704,0.77732,1.73,1.35
2013.01.09 14:00:34.722,0.77704,0.77732,1.73,1.35
2013.01.09 14:00:35.333,0.77703,0.77729,1.73,1.35
2013.01.09 14:00:35.642,0.77703,0.77729,1.73,1.35
2013.01.09 14:00:36.508,0.777,0.77732,2.10,2.48
2013.01.09 14:00:38.553,0.77704,0.77735,1.73,1.35
2013.01.09 14:00:38.768,0.77703,0.77736,1.73,1.35
2013.01.09 14:00:39.592,0.77703,0.77735,1.73,1.35
2013.01.09 14:00:40.103,0.77703,0.77734,1.73,1.27
2013.01.09 14:00:40.415,0.77703,0.77735,2.10,1.35
2013.01.09 14:00:40.772,0.77704,0.77734,1.73,1.25
2013.01.09 14:00:41.472,0.77704,0.77734,1.73,1.73
2013.01.09 14:00:41.787,0.77704,0.77736,1.73,2.10
2013.01.09 14:00:44.112,0.77704,0.77736,1.73,2.37
2013.01.09 14:00:49.645,0.77701,0.77733,1.35,2.10
2013.01.09 14:00:50.315,0.77702,0.77732,1.69,1.73
2013.01.09 14:00:51.742,0.77702,0.77733,2.10,1.35
2013.01.09 14:00:52.842,0.77702,0.77732,1.61,1.73
2013.01.09 14:00:53.293,0.77707,0.77737,1.35,2.10
2013.01.09 14:00:53.413,0.77707,0.77737,1.35,2.10
2013.01.09 14:00:55.447,0.77709,0.77741,1.73,2.10
2013.01.09 14:00:55.513,0.77709,0.77741,1.73,2.10
2013.01.09 14:00:55.852,0.77709,0.77741,1.73,2.10
2013.01.09 14:00:59.142,0.7771,0.77741,1.35,1.35
2013.01.09 14:00:59.714,0.7771,0.77737,1.35,1.73
2013.01.09 14:01:00.762,0.77707,0.77737,1.35,1.73
2013.01.09 14:01:01.643,0.77707,0.77733,1.35,1.73
2013.01.09 14:01:05.402,0.77706,0.77732,1.35,1.73
2013.01.09 14:01:06.076,0.77703,0.77734,1.35,2.10
2013.01.09 14:01:06.193,0.77702,0.77733,1.73,1.35
2013.01.09 14:01:09.177,0.777,0.77733,2.10,1.73
2013.01.09 14:01:10.793,0.77707,0.77738,1.35,1.73
2013.01.09 14:01:11.142,0.77707,0.77738,1.35,1.73
2013.01.09 14:01:13.438,0.77707,0.77738,1.35,1.73
2013.01.09 14:01:13.869,0.77707,0.77738,1.35,1.73
2013.01.09 14:01:14.587,0.77707,0.77738,1.35,2.13
2013.01.09 14:01:15.129,0.77704,0.77738,2.10,3.63
2013.01.09 14:01:15.490,0.77698,0.77729,1.35,1.73
2013.01.09 14:01:16.044,0.77697,0.77726,1.35,2.10
2013.01.09 14:01:16.653,0.77698,0.77725,1.35,1.35
2013.01.09 14:01:17.373,0.77698,0.7773,1.35,2.10
2013.01.09 14:01:18.268,0.77698,0.7773,1.35,2.10
2013.01.09 14:01:18.575,0.77698,0.77729,1.35,2.10
2013.01.09 14:01:19.014,0.77698,0.7773,1.35,2.10
2013.01.09 14:01:20.394,0.777,0.7773,1.73,1.73
2013.01.09 14:01:20.754,0.777,0.7773,1.73,1.73
2013.01.09 14:01:20.993,0.77698,0.77729,1.35,1.73
2013.01.09 14:01:22.283,0.77699,0.7773,1.73,1.73
2013.01.09 14:01:22.822,0.77698,0.7773,2.10,1.35
2013.01.09 14:01:23.365,0.77698,0.7773,2.10,1.35
2013.01.09 14:01:24.724,0.77699,0.7773,2.10,1.35
2013.01.09 14:01:25.319,0.777,0.7773,1.35,1.35
2013.01.09 14:01:25.547,0.777,0.7773,1.35,1.35
2013.01.09 14:01:25.663,0.777,0.7773,1.35,1.35
2013.01.09 14:01:26.022,0.77698,0.77729,1.35,1.73
2013.01.09 14:01:27.979,0.77697,0.77725,1.35,1.73
2013.01.09 14:01:30.442,0.77697,0.77725,1.35,1.73
2013.01.09 14:01:34.138,0.77696,0.77728,1.35,2.48
2013.01.09 14:01:34.322,0.777,0.77728,1.35,1.13
2013.01.09 14:01:34.732,0.77699,0.77728,1.35,1.35
2013.01.09 14:01:36.522,0.77701,0.77732,2.62,1.50
2013.01.09 14:01:36.702,0.77709,0.77738,1.73,1.88
2013.01.09 14:01:36.762,0.77707,0.77734,1.50,1.35
2013.01.09 14:01:37.344,0.77705,0.77734,1.73,1.73
2013.01.09 14:01:37.763,0.77704,0.77733,1.35,1.13
2013.01.09 14:01:40.218,0.77706,0.77733,1.73,1.13
2013.01.09 14:01:41.184,0.77703,0.77733,1.35,1.35
2013.01.09 14:01:43.133,0.77702,0.77728,1.35,1.13
2013.01.09 14:01:43.433,0.77702,0.77728,1.35,1.13
2013.01.09 14:01:58.347,0.77703,0.7773,1.35,1.73
2013.01.09 14:01:59.343,0.77702,0.77731,1.35,1.35
2013.01.09 14:01:59.642,0.777,0.77731,1.35,1.35
2013.01.09 14:01:59.943,0.77703,0.77734,1.35,1.35
2013.01.09 14:02:00.293,0.77703,0.77735,1.73,1.73
2013.01.09 14:02:00.512,0.77705,0.77734,1.73,1.73
2013.01.09 14:02:03.743,0.77705,0.77738,2.10,1.35
2013.01.09 14:02:05.332,0.77705,0.77737,2.10,1.73
2013.01.09 14:02:07.783,0.77705,0.77735,1.35,1.73
2013.01.09 14:02:07.932,0.77704,0.77735,1.35,1.73
2013.01.09 14:02:08.463,0.77701,0.7773,1.73,1.35
2013.01.09 14:02:09.066,0.77698,0.77726,1.35,1.73
2013.01.09 14:02:09.308,0.77698,0.77726,1.35,1.73
2013.01.09 14:02:09.613,0.77698,0.7773,1.35,1.13
2013.01.09 14:02:10.882,0.77705,0.77735,1.35,1.73
2013.01.09 14:02:11.122,0.77709,0.77738,1.58,1.73
2013.01.09 14:02:11.262,0.77714,0.77742,1.35,2.10
2013.01.09 14:02:11.322,0.77714,0.77742,1.35,2.10
2013.01.09 14:02:12.656,0.77709,0.77741,1.95,1.13
2013.01.09 14:02:12.714,0.77709,0.77741,1.95,1.35
2013.01.09 14:02:12.923,0.77709,0.77743,4.05,1.73
2013.01.09 14:02:13.241,0.77717,0.77745,1.35,1.35
2013.01.09 14:02:13.306,0.77717,0.77745,1.35,2.10
2013.01.09 14:02:14.042,0.77717,0.77745,1.35,1.35
2013.01.09 14:02:14.149,0.77717,0.77742,1.35,1.35
2013.01.09 14:02:14.795,0.77716,0.77743,1.35,1.73
2013.01.09 14:02:16.653,0.77716,0.77742,1.35,1.73
2013.01.09 14:02:16.713,0.77717,0.77743,1.35,1.50
2013.01.09 14:02:17.153,0.77717,0.77746,1.35,1.73
2013.01.09 14:02:17.254,0.77717,0.77746,1.35,1.73
2013.01.09 14:02:20.125,0.77717,0.7775,1.35,1.73
2013.01.09 14:02:20.445,0.77717,0.77749,1.35,1.35
2013.01.09 14:02:20.885,0.77716,0.77746,1.35,1.73
2013.01.09 14:02:21.193,0.77712,0.77742,2.10,1.35
2013.01.09 14:02:21.372,0.77712,0.77742,1.73,1.35
2013.01.09 14:02:21.732,0.77718,0.77747,1.35,1.73
2013.01.09 14:02:23.682,0.77717,0.77747,1.35,1.73
2013.01.09 14:02:23.894,0.77717,0.77743,1.35,1.73
2013.01.09 14:02:24.142,0.77717,0.77743,1.35,1.50
2013.01.09 14:02:24.452,0.77717,0.77743,1.35,1.50
2013.01.09 14:02:25.024,0.77715,0.77747,1.35,2.10
2013.01.09 14:02:25.483,0.77716,0.77746,1.35,1.73
2013.01.09 14:02:25.785,0.77716,0.77747,1.35,2.10
2013.01.09 14:02:26.312,0.77716,0.77746,1.35,2.10
2013.01.09 14:02:26.492,0.77716,0.77747,1.35,1.73
2013.01.09 14:02:27.031,0.77715,0.77746,1.35,1.88
2013.01.09 14:02:27.402,0.77716,0.77746,1.35,2.10
2013.01.09 14:02:27.711,0.77714,0.77741,1.73,1.35
2013.01.09 14:02:27.892,0.77714,0.77742,1.73,1.35
2013.01.09 14:02:28.242,0.77715,0.77747,1.35,2.10
2013.01.09 14:02:28.604,0.77717,0.77747,1.35,1.50
2013.01.09 14:02:28.724,0.77715,0.77747,1.35,1.73
2013.01.09 14:02:28.873,0.77716,0.77747,1.35,2.10
2013.01.09 14:02:31.186,0.77716,0.77747,1.35,2.10
2013.01.09 14:02:31.807,0.77716,0.77747,1.35,1.73
2013.01.09 14:02:32.401,0.77716,0.77747,1.35,1.73
2013.01.09 14:02:32.662,0.77717,0.77746,1.35,1.73
2013.01.09 14:02:32.722,0.77717,0.77746,1.35,1.73
2013.01.09 14:02:32.942,0.77717,0.77746,1.35,1.73
2013.01.09 14:02:33.252,0.77715,0.77746,1.35,1.73
2013.01.09 14:02:33.692,0.77715,0.77747,1.35,1.73
2013.01.09 14:02:33.813,0.77716,0.77746,1.35,2.10
2013.01.09 14:02:33.872,0.77717,0.77746,1.35,2.10
2013.01.09 14:02:33.992,0.77717,0.77746,1.35,2.10
2013.01.09 14:02:34.302,0.77717,0.77746,1.35,2.48
2013.01.09 14:02:34.422,0.77717,0.77746,1.35,2.48
2013.01.09 14:02:34.772,0.77715,0.77746,1.35,1.73
2013.01.09 14:02:35.012,0.77716,0.77746,1.35,2.10
2013.01.09 14:02:35.192,0.77713,0.77741,1.73,1.35
2013.01.09 14:02:35.554,0.7771,0.77741,2.10,1.35
2013.01.09 14:02:35.725,0.7771,0.77741,2.10,1.35
2013.01.09 14:02:35.782,0.7771,0.77741,1.73,1.35
2013.01.09 14:02:35.966,0.7771,0.77741,1.73,1.35
2013.01.09 14:02:36.292,0.77711,0.77741,1.35,1.35
2013.01.09 14:02:36.652,0.77717,0.77743,1.35,1.50
2013.01.09 14:02:36.772,0.77716,0.77743,1.35,1.73
2013.01.09 14:02:36.952,0.77717,0.77743,1.35,1.50
2013.01.09 14:02:37.192,0.77716,0.77748,1.35,1.73
2013.01.09 14:02:37.392,0.77717,0.77746,1.35,1.73
2013.01.09 14:02:37.752,0.77716,0.77747,1.35,1.73
2013.01.09 14:02:38.297,0.77711,0.77742,1.73,1.73
2013.01.09 14:02:39.060,0.7771,0.77742,1.73,1.13
2013.01.09 14:02:39.133,0.7771,0.77742,2.10,1.35
2013.01.09 14:02:39.462,0.7771,0.77742,1.73,1.35
2013.01.09 14:02:39.788,0.7771,0.77742,1.73,1.35
2013.01.09 14:02:40.135,0.7771,0.77742,2.10,1.35
2013.01.09 14:02:40.442,0.7771,0.77742,1.73,1.35
2013.01.09 14:02:40.502,0.7771,0.77742,2.10,1.35
2013.01.09 14:02:40.682,0.7771,0.77742,2.10,1.35
2013.01.09 14:02:41.012,0.77711,0.77742,1.73,1.35
2013.01.09 14:02:41.162,0.77711,0.77742,1.73,1.35
2013.01.09 14:02:41.341,0.77711,0.77742,1.50,1.35
2013.01.09 14:02:41.463,0.77711,0.77742,1.73,1.35
2013.01.09 14:02:41.642,0.77711,0.77742,1.73,1.35
2013.01.09 14:02:41.961,0.77711,0.77742,1.73,1.35
2013.01.09 14:02:42.182,0.77711,0.77742,1.73,1.35
2013.01.09 14:02:42.402,0.77711,0.77742,1.73,1.35
2013.01.09 14:02:42.732,0.77711,0.77742,1.50,1.35
2013.01.09 14:02:42.952,0.77711,0.77742,1.73,1.35
2013.01.09 14:02:43.173,0.77711,0.77742,1.50,1.35
2013.01.09 14:02:46.927,0.77711,0.77742,1.50,1.73
2013.01.09 14:02:47.666,0.77711,0.77742,1.73,1.73
2013.01.09 14:02:48.244,0.77711,0.77742,1.73,1.73
2013.01.09 14:02:49.042,0.77711,0.77742,1.73,1.73
2013.01.09 14:02:49.422,0.77711,0.77742,2.10,1.35
2013.01.09 14:02:49.482,0.77711,0.77742,2.10,1.35
2013.01.09 14:02:49.611,0.77711,0.77742,2.10,1.35
2013.01.09 14:02:51.284,0.77714,0.77742,1.73,1.35
2013.01.09 14:02:52.043,0.77717,0.77747,1.35,1.73
2013.01.09 14:02:52.826,0.77717,0.77747,1.35,1.73
2013.01.09 14:02:53.698,0.77717,0.77747,1.35,1.73
2013.01.09 14:02:54.134,0.77717,0.77748,1.35,1.73
2013.01.09 14:02:55.151,0.77717,0.77747,1.35,1.73
2013.01.09 14:02:55.823,0.77717,0.77748,1.35,1.73
2013.01.09 14:02:56.354,0.77717,0.77748,1.35,1.73
2013.01.09 14:02:56.557,0.77717,0.77748,1.35,1.73
2013.01.09 14:02:56.832,0.77717,0.77748,1.35,2.10
2013.01.09 14:02:57.242,0.77717,0.77748,1.35,2.10
2013.01.09 14:02:58.019,0.77717,0.77748,1.35,2.10
2013.01.09 14:02:58.832,0.77717,0.77746,1.35,1.35
2013.01.09 14:02:59.364,0.77717,0.77746,1.35,1.35
2013.01.09 14:03:00.117,0.77717,0.77746,1.35,1.13
2013.01.09 14:03:00.354,0.77716,0.77747,1.35,2.10
2013.01.09 14:03:00.888,0.77716,0.77747,1.35,1.88
2013.01.09 14:03:00.952,0.77715,0.77747,2.48,1.88
2013.01.09 14:03:01.371,0.77711,0.77742,2.10,1.35
2013.01.09 14:03:02.034,0.7771,0.7774,1.73,1.13
2013.01.09 14:03:02.392,0.77714,0.77742,1.35,1.13
2013.01.09 14:03:03.465,0.77715,0.77742,2.10,1.13
2013.01.09 14:03:04.455,0.77715,0.77742,1.35,1.13
2013.01.09 14:03:05.052,0.77715,0.77742,1.73,1.35
2013.01.09 14:03:05.174,0.77713,0.77742,1.73,1.35
2013.01.09 14:03:06.222,0.77709,0.77739,2.33,1.35
2013.01.09 14:03:06.282,0.77709,0.77739,1.95,1.35
2013.01.09 14:03:06.873,0.77709,0.77739,1.35,1.13
2013.01.09 14:03:10.744,0.7771,0.77739,1.73,1.13
2013.01.09 14:03:11.453,0.77708,0.7774,1.35,2.10
2013.01.09 14:03:12.032,0.77708,0.7774,1.35,2.10
2013.01.09 14:03:12.542,0.77708,0.77738,1.35,1.58
2013.01.09 14:03:12.604,0.77707,0.77738,1.35,1.58
2013.01.09 14:03:12.723,0.77707,0.77738,1.35,1.58
2013.01.09 14:03:15.453,0.77707,0.77735,1.35,1.73
2013.01.09 14:03:15.973,0.77707,0.77735,1.35,1.50
2013.01.09 14:03:16.093,0.77708,0.77737,1.35,1.13
2013.01.09 14:03:16.656,0.77709,0.77739,1.35,1.88
2013.01.09 14:03:20.492,0.77707,0.77739,2.33,2.10
2013.01.09 14:03:21.193,0.77707,0.77738,1.35,1.35
2013.01.09 14:03:21.252,0.77706,0.77738,1.35,1.35
2013.01.09 14:03:21.436,0.77701,0.7773,1.73,1.13
2013.01.09 14:03:22.284,0.77701,0.7773,2.10,1.13
2013.01.09 14:03:25.053,0.77701,0.7773,2.10,1.13
2013.01.09 14:03:25.112,0.77704,0.7773,1.35,1.13
2013.01.09 14:03:25.772,0.77704,0.7773,1.35,1.13
2013.01.09 14:03:26.123,0.77703,0.77731,1.35,1.13
2013.01.09 14:03:28.329,0.77706,0.77732,1.35,1.13
2013.01.09 14:03:28.574,0.77708,0.77734,1.35,1.13
2013.01.09 14:03:28.892,0.7771,0.77737,1.35,1.50
2013.01.09 14:03:30.013,0.77712,0.77739,1.35,1.13
2013.01.09 14:03:31.173,0.77712,0.7774,1.35,1.50
2013.01.09 14:03:31.662,0.7771,0.7774,1.35,1.13
2013.01.09 14:03:31.842,0.7771,0.7774,1.35,1.35
2013.01.09 14:03:32.570,0.7771,0.7774,1.35,1.35
2013.01.09 14:03:34.962,0.7771,0.7774,1.35,1.13
2013.01.09 14:03:35.023,0.77713,0.7774,1.35,1.13
2013.01.09 14:03:38.802,0.77713,0.7774,1.35,1.13
2013.01.09 14:03:38.922,0.77712,0.7774,1.35,1.73
2013.01.09 14:03:38.986,0.77713,0.7774,1.35,1.73
2013.01.09 14:03:39.142,0.77713,0.7774,1.35,1.50
2013.01.09 14:03:39.577,0.7771,0.7774,1.35,1.50
2013.01.09 14:03:41.322,0.7771,0.7774,2.10,1.13
2013.01.09 14:03:41.675,0.77711,0.77739,1.35,1.50
2013.01.09 14:03:42.232,0.77711,0.77739,1.35,1.50
2013.01.09 14:03:42.541,0.77711,0.77739,1.35,1.50
2013.01.09 14:03:42.834,0.77711,0.77739,1.73,1.50
2013.01.09 14:03:43.474,0.77713,0.7774,1.58,1.13
2013.01.09 14:03:51.422,0.77714,0.77744,1.35,1.50
2013.01.09 14:03:52.532,0.77712,0.77744,1.73,1.50
2013.01.09 14:03:52.652,0.77712,0.77739,1.35,1.50
2013.01.09 14:03:54.052,0.77712,0.7774,1.35,1.73
2013.01.09 14:03:54.111,0.7771,0.7774,1.35,1.73
2013.01.09 14:03:54.697,0.7771,0.77736,1.35,1.50
2013.01.09 14:03:55.191,0.77707,0.77734,1.35,1.13
2013.01.09 14:03:55.371,0.77707,0.77734,1.35,1.13
2013.01.09 14:03:55.681,0.77707,0.77734,1.35,1.13
2013.01.09 14:03:56.470,0.7771,0.77736,1.35,1.88
2013.01.09 14:03:59.151,0.77711,0.77735,1.35,1.13
2013.01.09 14:04:00.640,0.77711,0.77735,1.35,1.13
2013.01.09 14:04:01.382,0.77715,0.77739,1.35,1.50
2013.01.09 14:04:01.503,0.77719,0.77745,1.35,1.35
2013.01.09 14:04:01.681,0.77719,0.77745,1.35,1.13
2013.01.09 14:04:01.746,0.77719,0.77745,1.35,1.13
2013.01.09 14:04:01.802,0.77716,0.77746,1.35,1.88
2013.01.09 14:04:03.764,0.77716,0.77747,1.35,1.88
2013.01.09 14:04:06.106,0.77716,0.77747,1.35,1.73
2013.01.09 14:04:07.124,0.77715,0.77746,1.73,1.88
2013.01.09 14:04:07.243,0.77715,0.77752,3.83,1.73
2013.01.09 14:04:07.304,0.77724,0.77752,1.13,1.73
2013.01.09 14:04:07.433,0.77724,0.77752,1.35,1.50
2013.01.09 14:04:07.555,0.77723,0.77752,1.35,1.73
2013.01.09 14:04:07.882,0.77722,0.77749,1.35,1.50
2013.01.09 14:04:08.359,0.7772,0.77749,1.35,1.50
2013.01.09 14:04:08.863,0.7772,0.77749,1.35,1.50
2013.01.09 14:04:09.691,0.77722,0.77749,1.35,1.50
2013.01.09 14:04:09.985,0.77722,0.77749,1.35,1.50
2013.01.09 14:04:10.059,0.77723,0.77751,1.35,1.50
2013.01.09 14:04:10.501,0.77723,0.77751,1.35,1.50
2013.01.09 14:04:10.842,0.77722,0.77751,1.35,1.50
2013.01.09 14:04:11.372,0.77717,0.77744,1.73,1.50
2013.01.09 14:04:12.982,0.77717,0.77744,2.02,1.50
2013.01.09 14:04:13.041,0.77717,0.77748,2.02,1.13
2013.01.09 14:04:13.655,0.77719,0.77748,1.35,1.13
2013.01.09 14:04:14.531,0.77718,0.77748,2.10,1.13
2013.01.09 14:04:14.900,0.77719,0.77748,1.20,1.13
2013.01.09 14:04:15.217,0.7772,0.77749,1.35,1.88
2013.01.09 14:04:15.283,0.77722,0.77749,1.56,1.88
2013.01.09 14:04:15.343,0.7772,0.77749,1.71,1.88
2013.01.09 14:04:16.733,0.77724,0.7775,1.35,1.13
2013.01.09 14:04:17.322,0.77725,0.7775,1.35,1.13
2013.01.09 14:04:18.821,0.77725,0.77757,1.73,1.50
2013.01.09 14:04:18.923,0.77725,0.77757,1.73,1.50
2013.01.09 14:04:19.162,0.77727,0.77757,1.35,1.13
2013.01.09 14:04:19.223,0.77727,0.77757,1.35,1.13
2013.01.09 14:04:19.527,0.77728,0.77757,1.85,1.13
2013.01.09 14:04:19.635,0.77728,0.77757,1.35,1.13
2013.01.09 14:04:20.239,0.77727,0.77757,1.35,1.13
2013.01.09 14:04:23.842,0.77727,0.77757,1.13,1.13
2013.01.09 14:04:24.084,0.77727,0.77757,1.13,1.13
2013.01.09 14:04:24.632,0.77731,0.77759,1.29,1.13
2013.01.09 14:04:25.651,0.77733,0.77762,1.73,1.50
2013.01.09 14:04:25.772,0.77735,0.77762,1.02,1.50
2013.01.09 14:04:25.891,0.77736,0.77765,1.35,1.88
2013.01.09 14:04:30.032,0.77739,0.77766,1.72,1.50
2013.01.09 14:04:30.092,0.77739,0.77766,1.35,1.50
2013.01.09 14:04:30.212,0.77739,0.77771,1.35,1.73
2013.01.09 14:04:30.271,0.77737,0.77771,1.35,1.73
2013.01.09 14:04:33.671,0.77733,0.77765,1.80,1.13
2013.01.09 14:04:33.731,0.77733,0.77765,1.35,1.35
2013.01.09 14:04:34.275,0.77732,0.77765,2.33,1.35
2013.01.09 14:04:34.344,0.77732,0.77765,2.33,1.35
2013.01.09 14:04:34.939,0.77734,0.77765,1.73,1.88
2013.01.09 14:04:35.545,0.77734,0.77765,1.35,1.88
2013.01.09 14:04:36.461,0.77733,0.77765,2.10,2.03
2013.01.09 14:04:37.513,0.77733,0.77765,1.73,2.10
2013.01.09 14:04:38.082,0.77733,0.77765,1.73,2.10
2013.01.09 14:04:41.074,0.77731,0.77761,1.95,1.50
2013.01.09 14:04:41.193,0.77731,0.77761,1.35,1.50
2013.01.09 14:04:51.355,0.77731,0.77761,1.35,1.88
2013.01.09 14:04:51.422,0.77731,0.77761,1.35,1.88
2013.01.09 14:04:51.936,0.77731,0.77762,1.73,1.50
2013.01.09 14:04:52.443,0.77731,0.77761,1.35,1.50
2013.01.09 14:04:52.502,0.77731,0.77763,1.35,1.88
2013.01.09 14:04:52.561,0.77732,0.77763,1.47,1.13
2013.01.09 14:04:53.044,0.77732,0.77763,1.47,1.13
2013.01.09 14:04:53.118,0.77731,0.77763,2.10,1.13
2013.01.09 14:04:53.382,0.77736,0.77766,1.73,1.50
2013.01.09 14:04:53.503,0.77738,0.77767,1.35,1.35
2013.01.09 14:04:53.652,0.77738,0.77767,1.35,1.13
2013.01.09 14:04:53.982,0.77738,0.77769,1.65,1.50
2013.01.09 14:04:54.143,0.77738,0.77766,1.35,1.13
2013.01.09 14:04:54.203,0.77738,0.77766,1.35,1.13
2013.01.09 14:04:54.431,0.77738,0.7777,1.35,1.73
2013.01.09 14:04:54.873,0.77738,0.7777,1.35,1.73
2013.01.09 14:04:54.976,0.77738,0.7777,1.35,1.50
2013.01.09 14:04:55.292,0.77742,0.7777,1.34,2.25
2013.01.09 14:04:55.542,0.77741,0.7777,1.73,1.13
2013.01.09 14:04:55.713,0.77743,0.7777,1.36,1.13
2013.01.09 14:04:55.854,0.77743,0.7777,1.36,1.13
2013.01.09 14:04:56.103,0.77745,0.77774,1.35,1.50
2013.01.09 14:04:56.222,0.77746,0.77774,1.27,1.50
2013.01.09 14:04:56.282,0.77748,0.77779,1.35,1.88
2013.01.09 14:04:56.582,0.77754,0.77779,1.35,1.13
2013.01.09 14:04:56.677,0.77754,0.77779,1.35,1.13
2013.01.09 14:04:56.853,0.77746,0.77777,1.35,1.88
2013.01.09 14:04:57.203,0.77746,0.77777,1.35,2.10
2013.01.09 14:04:57.753,0.77746,0.77772,1.35,1.50
2013.01.09 14:04:57.842,0.77746,0.77772,1.35,1.50
2013.01.09 14:04:58.125,0.77746,0.77777,1.35,1.73
2013.01.09 14:04:58.433,0.77746,0.77777,1.35,1.50
2013.01.09 14:04:58.732,0.77749,0.77778,1.38,1.13
2013.01.09 14:04:58.793,0.77747,0.77778,1.20,1.13
2013.01.09 14:04:59.328,0.77747,0.77778,1.35,1.88
2013.01.09 14:04:59.952,0.77746,0.77778,1.95,1.13
2013.01.09 14:05:00.894,0.77746,0.77778,1.95,1.13
2013.01.09 14:05:00.966,0.77746,0.77777,1.95,1.13
2013.01.09 14:05:01.702,0.77746,0.77775,1.95,1.50
2013.01.09 14:05:02.962,0.77746,0.77774,1.95,1.13
2013.01.09 14:05:03.081,0.77746,0.77772,1.95,1.13
2013.01.09 14:05:03.142,0.77746,0.77772,1.95,1.13
2013.01.09 14:05:07.342,0.77742,0.77772,1.35,1.35
2013.01.09 14:05:07.521,0.77737,0.77769,2.10,1.13
2013.01.09 14:05:08.424,0.77737,0.77769,2.10,1.13
2013.01.09 14:05:11.026,0.77737,0.77769,2.10,1.13
2013.01.09 14:05:11.092,0.77737,0.77769,2.42,1.13
2013.01.09 14:05:11.604,0.77741,0.7777,1.73,1.13
2013.01.09 14:05:12.602,0.77742,0.7777,1.54,1.13
2013.01.09 14:05:14.563,0.77741,0.7777,1.73,1.13
2013.01.09 14:05:14.830,0.77741,0.7777,2.13,1.13
2013.01.09 14:05:22.626,0.77741,0.7777,2.13,1.13
2013.01.09 14:05:22.962,0.77744,0.77775,1.35,2.48
2013.01.09 14:05:23.773,0.77736,0.77764,1.35,1.50
2013.01.09 14:05:24.152,0.77736,0.77765,1.35,1.73
2013.01.09 14:05:24.214,0.77736,0.77765,1.35,1.73
2013.01.09 14:05:25.056,0.77736,0.77765,1.35,1.50
2013.01.09 14:05:25.932,0.77736,0.77765,1.35,1.50
2013.01.09 14:05:26.272,0.77734,0.77765,1.35,1.88
2013.01.09 14:05:26.853,0.77733,0.77763,1.35,1.13
2013.01.09 14:05:27.961,0.77734,0.77767,1.73,1.35
2013.01.09 14:05:28.022,0.77744,0.77771,1.13,1.73
2013.01.09 14:05:28.082,0.77744,0.77771,1.35,1.13
2013.01.09 14:05:28.443,0.77743,0.77771,1.23,1.88
2013.01.09 14:05:28.742,0.77737,0.77768,1.73,1.35
2013.01.09 14:05:28.885,0.77737,0.77768,2.02,1.13
2013.01.09 14:05:29.386,0.77737,0.77768,1.73,1.13
2013.01.09 14:05:31.034,0.77737,0.77768,1.73,1.13
2013.01.09 14:05:39.384,0.77738,0.7777,1.73,2.10
2013.01.09 14:05:39.582,0.77745,0.77772,1.35,1.50
2013.01.09 14:05:39.722,0.77745,0.77775,1.35,2.10
2013.01.09 14:05:39.782,0.77742,0.77775,1.35,2.10
2013.01.09 14:05:40.340,0.77742,0.77772,1.35,1.73
2013.01.09 14:05:44.461,0.77737,0.77768,1.73,1.13
2013.01.09 14:05:44.532,0.77737,0.77768,1.73,1.35
2013.01.09 14:05:52.263,0.77737,0.77768,1.73,1.35
2013.01.09 14:05:52.501,0.77737,0.77768,1.73,1.35
2013.01.09 14:05:53.684,0.77734,0.77762,1.35,1.35
2013.01.09 14:05:54.915,0.77734,0.77762,1.35,1.35
2013.01.09 14:05:59.713,0.77733,0.77761,1.50,1.35
2013.01.09 14:06:00.358,0.7773,0.77761,1.35,2.10
2013.01.09 14:06:00.992,0.7773,0.7776,1.13,1.35
2013.01.09 14:06:01.112,0.7773,0.77759,1.13,2.10
2013.01.09 14:06:01.472,0.7773,0.7776,1.13,1.73
2013.01.09 14:06:01.532,0.7773,0.7776,1.13,1.73
2013.01.09 14:06:01.592,0.7773,0.7776,1.13,1.73
2013.01.09 14:06:02.492,0.7773,0.77762,1.35,2.10
2013.01.09 14:06:03.550,0.7773,0.77762,1.35,2.10
2013.01.09 14:06:03.612,0.7773,0.77762,1.35,1.73
2013.01.09 14:06:05.068,0.7773,0.77761,1.35,2.10
2013.01.09 14:06:05.192,0.7773,0.7776,1.35,1.35
2013.01.09 14:06:05.513,0.77725,0.77754,1.13,1.35
2013.01.09 14:06:06.387,0.77724,0.77755,1.13,1.35
2013.01.09 14:06:06.862,0.77727,0.77756,1.35,1.35
2013.01.09 14:06:07.007,0.77727,0.77758,1.35,1.35
2013.01.09 14:06:07.292,0.7773,0.77763,1.35,1.73
2013.01.09 14:06:07.876,0.77732,0.77763,1.35,1.73
2013.01.09 14:06:08.992,0.77736,0.77763,1.13,1.73
2013.01.09 14:06:09.052,0.77736,0.77764,1.13,1.35
2013.01.09 14:06:09.358,0.77739,0.77771,1.13,1.62
2013.01.09 14:06:09.481,0.77739,0.77771,1.13,1.35
2013.01.09 14:06:09.782,0.7774,0.77773,1.35,2.10
2013.01.09 14:06:09.961,0.77742,0.77773,1.35,1.35
2013.01.09 14:06:11.861,0.77742,0.77772,1.35,1.73
2013.01.09 14:06:12.064,0.77742,0.77772,1.13,1.73
2013.01.09 14:06:12.122,0.7774,0.77772,1.73,1.73
2013.01.09 14:06:12.932,0.77743,0.77773,1.35,1.35
2013.01.09 14:06:13.143,0.77743,0.77774,1.35,1.73
2013.01.09 14:06:14.292,0.77745,0.77774,1.13,1.35
2013.01.09 14:06:14.651,0.7775,0.77785,1.35,1.73
2013.01.09 14:06:14.844,0.77753,0.7778,1.13,1.73
2013.01.09 14:06:15.101,0.77755,0.77781,1.13,1.35
2013.01.09 14:06:15.161,0.77755,0.77781,1.13,1.35
2013.01.09 14:06:15.221,0.77751,0.77782,1.13,1.73
2013.01.09 14:06:15.764,0.77759,0.77784,1.13,1.73
2013.01.09 14:06:16.293,0.7776,0.77789,1.13,1.73
2013.01.09 14:06:17.353,0.7776,0.77788,1.13,1.73
2013.01.09 14:06:17.793,0.77757,0.77786,1.13,1.73
2013.01.09 14:06:18.474,0.77756,0.77783,1.35,1.35
2013.01.09 14:06:19.123,0.77756,0.77783,1.35,1.35
2013.01.09 14:06:19.792,0.77757,0.77787,2.10,1.73
2013.01.09 14:06:19.851,0.7776,0.77788,1.35,1.35
2013.01.09 14:06:20.255,0.77757,0.77788,1.35,1.35
2013.01.09 14:06:20.617,0.77755,0.77783,1.58,1.35
2013.01.09 14:06:20.682,0.77755,0.77784,1.20,1.35
2013.01.09 14:06:20.803,0.77752,0.77784,2.10,1.35
2013.01.09 14:06:21.391,0.77753,0.77781,1.35,1.35
2013.01.09 14:06:21.952,0.77753,0.77781,1.35,1.35
2013.01.09 14:06:22.605,0.77752,0.77779,1.13,1.35
2013.01.09 14:06:22.933,0.77754,0.77778,1.13,1.35
2013.01.09 14:06:23.055,0.77754,0.77782,1.35,1.35
2013.01.09 14:06:23.442,0.77753,0.7778,1.35,1.13
2013.01.09 14:06:24.276,0.77753,0.7778,1.35,1.13
2013.01.09 14:06:25.146,0.77753,0.7778,1.35,1.13
2013.01.09 14:06:27.055,0.77753,0.7778,1.35,1.13
2013.01.09 14:06:27.522,0.77751,0.77776,2.10,1.35
2013.01.09 14:06:30.738,0.77751,0.77776,1.35,1.35
2013.01.09 14:06:31.683,0.77749,0.77777,1.13,1.35
2013.01.09 14:06:32.323,0.77749,0.7778,1.13,1.73
2013.01.09 14:06:33.551,0.77749,0.77778,1.35,1.35
2013.01.09 14:06:33.671,0.77749,0.7778,1.35,1.73
2013.01.09 14:06:35.099,0.77768,0.77797,1.88,1.24
2013.01.09 14:06:35.222,0.77766,0.77797,1.50,1.99
2013.01.09 14:06:35.282,0.77767,0.77799,1.73,1.35
2013.01.09 14:06:35.368,0.77767,0.77799,1.73,1.35
2013.01.09 14:06:35.803,0.77767,0.778,1.73,2.10
2013.01.09 14:06:36.503,0.77768,0.77801,2.10,1.73
2013.01.09 14:06:36.853,0.77767,0.778,1.73,1.35
2013.01.09 14:06:39.932,0.77767,0.77799,1.73,1.35
2013.01.09 14:06:40.138,0.77768,0.77801,1.73,1.35
2013.01.09 14:06:40.504,0.77769,0.77801,1.35,1.35
2013.01.09 14:06:40.623,0.77768,0.778,1.35,1.35
2013.01.09 14:06:40.925,0.77786,0.77814,3.68,1.32
2013.01.09 14:06:41.051,0.7779,0.77817,1.35,1.50
2013.01.09 14:06:41.231,0.77798,0.77815,1.35,4.50
2013.01.09 14:06:41.291,0.77798,0.77815,1.35,4.50
2013.01.09 14:06:41.352,0.77798,0.77834,1.35,1.13
2013.01.09 14:06:41.413,0.77798,0.77835,1.35,1.47
2013.01.09 14:06:41.533,0.77804,0.77842,1.13,1.50
2013.01.09 14:06:41.782,0.77805,0.77842,1.13,1.13
2013.01.09 14:06:41.842,0.77805,0.77843,1.50,1.13
2013.01.09 14:06:42.201,0.77823,0.7785,1.73,1.50
2013.01.09 14:06:42.262,0.77825,0.77858,1.13,1.13
2013.01.09 14:06:42.908,0.77825,0.77862,1.32,1.35
2013.01.09 14:06:42.977,0.77828,0.77861,1.73,1.35
2013.01.09 14:06:43.102,0.77823,0.7786,2.33,1.35
2013.01.09 14:06:43.342,0.77823,0.77853,1.58,1.35
2013.01.09 14:06:43.461,0.77814,0.77853,1.58,1.35
2013.01.09 14:06:43.622,0.77814,0.77852,1.58,1.35
2013.01.09 14:06:43.682,0.77811,0.77852,1.41,1.35
2013.01.09 14:06:43.862,0.77812,0.77846,2.48,1.35
2013.01.09 14:06:44.362,0.7781,0.77843,1.35,1.35
2013.01.09 14:06:44.592,0.7781,0.77844,1.35,1.73
2013.01.09 14:06:44.852,0.77807,0.77843,1.58,1.73
2013.01.09 14:06:44.912,0.77804,0.77836,1.73,1.50
2013.01.09 14:06:45.092,0.778,0.77836,1.58,2.48
2013.01.09 14:06:45.533,0.77804,0.77835,1.20,1.13
2013.01.09 14:06:45.894,0.77804,0.77836,1.20,1.73
2013.01.09 14:06:46.072,0.77799,0.77836,1.35,2.10
2013.01.09 14:06:46.133,0.77798,0.77835,1.35,1.35
2013.01.09 14:06:46.252,0.77798,0.77835,1.35,1.35
2013.01.09 14:06:46.314,0.77799,0.77837,1.73,1.35
2013.01.09 14:06:46.552,0.77804,0.77835,1.20,1.35
2013.01.09 14:06:46.878,0.77804,0.77835,1.20,1.13
2013.01.09 14:06:47.193,0.77804,0.77836,1.58,1.35
2013.01.09 14:06:48.752,0.77801,0.77836,1.35,1.35
2013.01.09 14:06:48.993,0.77795,0.7783,1.73,1.35
2013.01.09 14:06:49.112,0.77797,0.7783,1.35,1.35
2013.01.09 14:06:49.252,0.77797,0.7783,1.35,1.35
2013.01.09 14:06:49.602,0.77798,0.77832,1.35,1.35
2013.01.09 14:06:50.213,0.77804,0.77835,1.35,1.27
2013.01.09 14:06:50.272,0.77807,0.77836,1.20,1.13
2013.01.09 14:06:50.392,0.7781,0.77841,1.35,1.35
2013.01.09 14:06:50.926,0.7781,0.77842,1.35,1.73
2013.01.09 14:06:51.895,0.77811,0.77841,1.35,1.73
2013.01.09 14:06:52.442,0.77807,0.77844,1.73,1.35
2013.01.09 14:06:52.964,0.77805,0.77844,1.35,1.92
2013.01.09 14:06:53.252,0.77798,0.77835,1.73,1.35
2013.01.09 14:06:53.432,0.77799,0.77833,1.73,1.35
2013.01.09 14:06:53.674,0.77799,0.77835,1.73,1.73
2013.01.09 14:06:53.735,0.77799,0.77835,1.73,1.35
2013.01.09 14:06:54.043,0.77811,0.77841,1.32,1.24
2013.01.09 14:06:54.104,0.77813,0.77848,1.35,2.48
2013.01.09 14:06:54.162,0.77813,0.77845,1.35,1.73
2013.01.09 14:06:54.672,0.77812,0.77844,1.73,1.50
2013.01.09 14:06:54.993,0.77815,0.77844,1.35,1.50
2013.01.09 14:06:55.178,0.77815,0.77853,1.35,1.73
2013.01.09 14:06:55.244,0.7782,0.77853,1.35,1.73
2013.01.09 14:06:55.424,0.77824,0.77861,1.73,1.35
2013.01.09 14:06:55.543,0.77827,0.77864,1.25,2.10
2013.01.09 14:06:55.884,0.77829,0.77866,1.73,1.58
2013.01.09 14:06:55.943,0.77831,0.77869,1.35,1.95
2013.01.09 14:06:56.734,0.77831,0.77869,1.35,1.95
2013.01.09 14:06:56.859,0.7783,0.77873,2.13,1.35
2013.01.09 14:06:57.192,0.7783,0.77869,1.01,1.35
2013.01.09 14:06:57.711,0.77828,0.77869,1.58,1.35
2013.01.09 14:06:57.784,0.77828,0.7787,1.58,1.87
2013.01.09 14:06:58.305,0.77835,0.7787,1.35,1.87
2013.01.09 14:06:58.362,0.77835,0.7787,1.35,1.35
2013.01.09 14:06:58.422,0.77835,0.77867,1.35,1.35
2013.01.09 14:06:58.791,0.77835,0.77863,1.13,1.35
2013.01.09 14:06:59.093,0.77827,0.7786,1.35,1.58
2013.01.09 14:06:59.273,0.77828,0.77859,1.35,1.35
2013.01.09 14:06:59.332,0.77828,0.77859,1.35,1.35
2013.01.09 14:06:59.392,0.77825,0.77857,1.73,1.35
2013.01.09 14:06:59.452,0.77823,0.77857,1.73,1.35
2013.01.09 14:06:59.923,0.77822,0.77857,1.73,1.78
2013.01.09 14:07:00.282,0.77823,0.77853,1.73,1.35
2013.01.09 14:07:00.462,0.77825,0.77857,1.73,1.35
2013.01.09 14:07:00.997,0.77828,0.77859,1.50,1.35
2013.01.09 14:07:01.374,0.77829,0.77862,1.50,1.35
2013.01.09 14:07:01.693,0.77838,0.77866,1.50,1.73
2013.01.09 14:07:02.236,0.77839,0.77868,1.50,1.21
2013.01.09 14:07:02.353,0.77834,0.77867,1.13,1.73
2013.01.09 14:07:02.712,0.77833,0.77865,1.50,1.35
2013.01.09 14:07:02.832,0.77832,0.77864,1.73,1.35
2013.01.09 14:07:03.667,0.77829,0.77859,1.13,2.33
2013.01.09 14:07:04.032,0.77825,0.77855,1.35,1.73
2013.01.09 14:07:04.093,0.77825,0.77855,1.13,1.73
2013.01.09 14:07:04.803,0.77824,0.77858,1.13,1.73
2013.01.09 14:07:05.481,0.77824,0.77859,1.13,1.95
2013.01.09 14:07:05.663,0.7783,0.7786,1.13,1.35
2013.01.09 14:07:06.882,0.77832,0.77862,1.13,1.35
2013.01.09 14:07:06.965,0.77832,0.77862,1.35,1.35
2013.01.09 14:07:07.635,0.77832,0.7786,1.35,1.35
2013.01.09 14:07:07.693,0.77833,0.77865,1.13,1.58
2013.01.09 14:07:08.053,0.77832,0.77865,1.35,1.73
2013.01.09 14:07:08.292,0.77839,0.77869,1.13,2.10
2013.01.09 14:07:08.422,0.7783,0.77864,1.73,1.73
2013.01.09 14:07:08.482,0.7783,0.77864,1.35,1.73
2013.01.09 14:07:08.542,0.7783,0.77859,1.35,1.13
2013.01.09 14:07:09.133,0.77832,0.77859,1.35,1.35
2013.01.09 14:07:09.482,0.77834,0.77859,1.35,1.13
2013.01.09 14:07:09.658,0.77834,0.77867,1.35,1.73
2013.01.09 14:07:09.973,0.77835,0.77868,1.35,1.73
2013.01.09 14:07:10.313,0.7784,0.77875,1.35,1.35
2013.01.09 14:07:10.852,0.7784,0.7787,1.35,1.58
2013.01.09 14:07:11.472,0.77837,0.7787,1.35,2.33
2013.01.09 14:07:11.942,0.77837,0.77864,1.13,1.35
2013.01.09 14:07:12.121,0.77832,0.77864,1.73,1.35
2013.01.09 14:07:13.412,0.77828,0.77861,1.35,1.35
2013.01.09 14:07:13.712,0.77822,0.77855,2.85,1.35
2013.01.09 14:07:14.533,0.77825,0.77857,1.13,1.35
2013.01.09 14:07:14.596,0.77827,0.77857,1.35,1.35
2013.01.09 14:07:14.952,0.77831,0.7786,1.43,1.13
2013.01.09 14:07:15.012,0.77835,0.7786,1.73,1.13
2013.01.09 14:07:15.071,0.77827,0.7786,1.73,2.10
2013.01.09 14:07:15.192,0.77825,0.7786,1.73,1.73
2013.01.09 14:07:17.002,0.77821,0.7786,1.58,2.10
2013.01.09 14:07:17.301,0.7782,0.77854,1.35,1.73
2013.01.09 14:07:17.772,0.77817,0.7785,1.73,1.35
2013.01.09 14:07:18.462,0.77812,0.7785,2.48,1.73
2013.01.09 14:07:18.584,0.77812,0.77848,2.48,1.35
2013.01.09 14:07:18.731,0.7781,0.77846,2.10,1.35
2013.01.09 14:07:20.042,0.77809,0.77843,1.58,1.35
2013.01.09 14:07:20.102,0.77809,0.77843,1.58,1.35
2013.01.09 14:07:20.719,0.77809,0.77843,1.58,1.35
2013.01.09 14:07:21.952,0.7781,0.77845,1.73,1.73
2013.01.09 14:07:25.542,0.77805,0.77839,1.73,1.35
2013.01.09 14:07:25.982,0.77803,0.77839,1.50,2.04
2013.01.09 14:07:26.222,0.77797,0.77832,1.73,1.35
2013.01.09 14:07:26.282,0.77797,0.77832,1.73,1.35
2013.01.09 14:07:26.421,0.77797,0.77829,1.50,1.56
2013.01.09 14:07:26.871,0.77798,0.77831,1.50,1.73
2013.01.09 14:07:27.674,0.77798,0.77831,1.50,1.73
2013.01.09 14:07:28.331,0.77798,0.77831,1.50,1.73
2013.01.09 14:07:29.343,0.77794,0.77831,1.73,1.73
2013.01.09 14:07:29.682,0.77792,0.77826,1.73,1.35
2013.01.09 14:07:29.742,0.77792,0.77826,1.50,1.95
2013.01.09 14:07:29.861,0.77791,0.77821,1.50,1.35
2013.01.09 14:07:30.533,0.7779,0.77821,1.50,1.35
2013.01.09 14:07:30.712,0.7779,0.77825,1.50,1.20
2013.01.09 14:07:30.923,0.77791,0.77826,1.73,1.35
2013.01.09 14:07:31.508,0.77791,0.77824,1.73,1.35
2013.01.09 14:07:31.833,0.77791,0.77827,1.73,1.73
2013.01.09 14:07:32.198,0.77794,0.7783,1.73,2.10
2013.01.09 14:07:32.327,0.77794,0.7783,1.73,2.10
2013.01.09 14:07:33.172,0.77795,0.77833,1.35,1.73
2013.01.09 14:07:33.352,0.77795,0.77827,2.10,1.13
2013.01.09 14:07:33.723,0.77805,0.77838,1.35,1.35
2013.01.09 14:07:34.281,0.77805,0.77839,1.35,1.35
2013.01.09 14:07:37.901,0.77805,0.77844,1.35,2.58
2013.01.09 14:07:38.142,0.77809,0.77846,2.10,1.73
2013.01.09 14:07:39.822,0.77809,0.77844,2.10,1.35
2013.01.09 14:07:40.221,0.77814,0.77849,1.95,1.63
2013.01.09 14:07:40.341,0.77816,0.7785,1.73,1.35
2013.01.09 14:07:43.994,0.77821,0.77852,1.73,1.35
2013.01.09 14:07:44.352,0.77829,0.77865,1.73,1.35
2013.01.09 14:07:44.412,0.77833,0.77865,1.73,2.10
2013.01.09 14:07:44.472,0.77833,0.77865,1.73,1.88
2013.01.09 14:07:44.994,0.77836,0.77869,1.73,1.73
2013.01.09 14:07:47.102,0.77835,0.7787,1.73,2.48
2013.01.09 14:07:47.904,0.77836,0.7787,1.35,2.10
2013.01.09 14:07:49.045,0.77836,0.7787,1.35,2.10
2013.01.09 14:07:49.373,0.77836,0.7787,1.35,2.10
2013.01.09 14:07:51.552,0.77835,0.7787,1.73,1.35
2013.01.09 14:07:52.862,0.7783,0.77868,1.35,1.54
2013.01.09 14:07:53.341,0.77829,0.77863,2.63,1.17
2013.01.09 14:07:53.521,0.77829,0.77867,1.35,1.73
2013.01.09 14:07:55.573,0.77829,0.77867,1.73,1.73
2013.01.09 14:07:56.560,0.77831,0.7787,1.35,1.35
2013.01.09 14:07:58.592,0.77832,0.77872,1.35,1.35
2013.01.09 14:07:59.435,0.77832,0.77872,1.35,1.87
2013.01.09 14:08:00.791,0.77835,0.77872,1.73,1.87
2013.01.09 14:08:01.563,0.77834,0.77871,1.73,1.73
2013.01.09 14:08:05.284,0.77833,0.7787,1.20,1.35
2013.01.09 14:08:06.413,0.77832,0.77867,1.35,1.36
2013.01.09 14:08:07.442,0.77832,0.77868,1.58,1.35
2013.01.09 14:08:10.902,0.77836,0.77873,2.10,1.35
2013.01.09 14:08:15.861,0.77837,0.77876,1.73,1.35
2013.01.09 14:08:16.392,0.77838,0.77874,1.35,1.35
2013.01.09 14:08:17.208,0.7784,0.77876,1.35,1.85
2013.01.09 14:08:18.206,0.77837,0.77873,1.35,1.35
2013.01.09 14:08:18.763,0.77841,0.77875,1.58,1.35
2013.01.09 14:08:19.004,0.77841,0.77876,1.58,1.35
2013.01.09 14:08:19.726,0.77842,0.77876,1.58,1.35
2013.01.09 14:08:21.131,0.77839,0.77876,2.48,1.35
2013.01.09 14:08:21.672,0.7784,0.77875,1.73,1.35
2013.01.09 14:08:22.432,0.77838,0.77876,1.35,1.69
2013.01.09 14:08:22.551,0.77838,0.77875,1.35,1.23
2013.01.09 14:08:22.619,0.77838,0.77875,1.35,1.23
2013.01.09 14:08:24.187,0.77838,0.77876,1.35,1.62
2013.01.09 14:08:24.731,0.77838,0.77876,1.35,1.35
2013.01.09 14:08:29.363,0.77838,0.77876,1.35,1.35
2013.01.09 14:08:31.358,0.77838,0.77876,1.35,1.35
2013.01.09 14:08:32.780,0.77838,0.77876,1.35,1.35
2013.01.09 14:08:33.314,0.77838,0.77876,1.35,1.35
2013.01.09 14:08:33.692,0.77839,0.77878,3.53,1.35
2013.01.09 14:08:33.882,0.77845,0.77879,1.35,1.73
2013.01.09 14:08:34.063,0.77844,0.7788,1.95,1.35
2013.01.09 14:08:37.363,0.77847,0.7788,1.35,1.35
2013.01.09 14:08:37.662,0.77847,0.77883,1.35,1.35
2013.01.09 14:08:38.561,0.77846,0.77882,1.73,1.35
2013.01.09 14:08:38.882,0.77851,0.77888,1.35,1.73
2013.01.09 14:08:39.002,0.77852,0.77888,2.10,3.23
2013.01.09 14:08:40.400,0.77851,0.77887,2.10,1.35
2013.01.09 14:08:40.595,0.7785,0.77885,1.58,1.35
2013.01.09 14:08:40.948,0.7785,0.77883,1.58,1.35
2013.01.09 14:08:41.275,0.7785,0.77888,2.33,2.62
2013.01.09 14:08:41.582,0.77853,0.77888,1.35,1.73
2013.01.09 14:08:42.680,0.77853,0.77888,1.35,2.10
2013.01.09 14:08:42.744,0.77853,0.77888,1.35,2.10
2013.01.09 14:08:43.782,0.77853,0.77888,1.35,1.73
2013.01.09 14:08:44.304,0.77851,0.77885,2.10,1.35
2013.01.09 14:08:45.148,0.77851,0.77885,2.10,1.35
2013.01.09 14:08:47.292,0.77853,0.77888,1.73,1.35
2013.01.09 14:08:49.182,0.77855,0.77888,1.50,1.73
2013.01.09 14:08:50.992,0.77855,0.77888,1.73,1.35
2013.01.09 14:08:54.033,0.77855,0.77889,1.73,1.73
2013.01.09 14:08:54.924,0.77855,0.7789,2.49,1.35
2013.01.09 14:08:55.282,0.77862,0.77895,1.35,1.35
2013.01.09 14:08:55.585,0.77862,0.77896,1.35,1.35
2013.01.09 14:08:57.189,0.77862,0.77895,1.35,1.35
2013.01.09 14:08:58.205,0.77862,0.77895,1.35,1.35
2013.01.09 14:08:58.572,0.77862,0.77895,1.35,1.35
2013.01.09 14:08:59.514,0.77862,0.77895,1.35,1.35
2013.01.09 14:09:01.283,0.77862,0.77896,1.73,1.35
2013.01.09 14:09:01.344,0.77862,0.77896,1.73,1.35
2013.01.09 14:09:02.343,0.77863,0.77895,1.73,1.35
2013.01.09 14:09:03.343,0.77863,0.779,1.35,2.10
2013.01.09 14:09:03.693,0.77863,0.77897,1.35,1.35
2013.01.09 14:09:03.890,0.77867,0.779,1.13,2.10
2013.01.09 14:09:04.016,0.77868,0.779,1.58,1.73
2013.01.09 14:09:04.072,0.77868,0.77902,2.33,2.10
2013.01.09 14:09:06.360,0.77871,0.77902,1.35,2.10
2013.01.09 14:09:07.612,0.77868,0.779,2.48,1.35
2013.01.09 14:09:07.982,0.77869,0.779,1.50,1.35
2013.01.09 14:09:10.689,0.77871,0.77901,1.13,2.10
2013.01.09 14:09:17.280,0.77871,0.77901,1.35,1.50
2013.01.09 14:09:18.653,0.77872,0.77904,1.73,1.35
2013.01.09 14:09:20.813,0.77871,0.77901,1.35,1.50
2013.01.09 14:09:20.872,0.77871,0.77901,1.35,1.73
2013.01.09 14:09:21.161,0.77867,0.77901,1.35,1.73
2013.01.09 14:09:21.446,0.77867,0.77898,1.35,1.73
2013.01.09 14:09:21.572,0.77866,0.77897,1.35,1.73
2013.01.09 14:09:22.082,0.77863,0.77895,1.35,1.73
2013.01.09 14:09:22.662,0.77863,0.77894,1.35,1.35
2013.01.09 14:09:23.372,0.77863,0.77893,1.35,1.35
2013.01.09 14:09:23.669,0.7786,0.77892,2.85,1.35
2013.01.09 14:09:23.852,0.77858,0.7789,1.35,1.35
2013.01.09 14:09:23.972,0.77858,0.7789,1.35,1.35
2013.01.09 14:09:24.267,0.77858,0.7789,1.35,1.35
2013.01.09 14:09:24.332,0.77858,0.7789,1.35,1.35
2013.01.09 14:09:25.561,0.77858,0.77886,1.35,2.33
2013.01.09 14:09:25.863,0.77848,0.7788,1.13,1.35
2013.01.09 14:09:26.042,0.77844,0.77879,1.73,1.73
2013.01.09 14:09:26.483,0.77844,0.77876,1.50,1.35
2013.01.09 14:09:31.262,0.77841,0.77874,1.50,1.35
2013.01.09 14:09:34.430,0.77841,0.77874,1.88,1.35
2013.01.09 14:09:35.873,0.7784,0.77872,1.13,1.35
2013.01.09 14:09:36.872,0.77837,0.77872,2.10,1.35
2013.01.09 14:09:36.975,0.77837,0.77872,2.10,1.35
2013.01.09 14:09:37.262,0.77837,0.77872,2.10,1.35
2013.01.09 14:09:37.769,0.77837,0.77872,2.10,1.35
2013.01.09 14:09:40.502,0.77837,0.77872,2.10,1.35
2013.01.09 14:09:41.480,0.77836,0.77872,1.35,1.35
2013.01.09 14:09:42.931,0.77836,0.77869,1.35,1.35
2013.01.09 14:09:43.112,0.77833,0.77863,1.73,1.35
2013.01.09 14:09:43.173,0.7783,0.77863,1.73,1.35
2013.01.09 14:09:43.232,0.7783,0.77863,1.50,1.35
2013.01.09 14:09:43.413,0.77831,0.77863,1.13,1.62
2013.01.09 14:09:43.592,0.7783,0.7786,1.13,1.62
2013.01.09 14:09:43.734,0.7783,0.7786,1.13,1.60
2013.01.09 14:09:43.972,0.7782,0.77852,1.50,1.35
2013.01.09 14:09:44.033,0.7782,0.77856,1.50,1.60
2013.01.09 14:09:44.152,0.7782,0.77855,1.73,1.35
2013.01.09 14:09:44.212,0.77815,0.77851,1.73,1.35
2013.01.09 14:09:44.573,0.77821,0.77852,1.13,1.35
2013.01.09 14:09:44.902,0.77814,0.77849,1.73,1.35
2013.01.09 14:09:45.089,0.77813,0.77849,1.73,1.35
2013.01.09 14:09:46.372,0.77812,0.77845,2.48,1.35
2013.01.09 14:09:46.732,0.77809,0.77845,1.73,2.10
2013.01.09 14:09:47.032,0.77811,0.77842,1.35,1.35
2013.01.09 14:09:47.272,0.77811,0.77844,1.35,1.35
2013.01.09 14:09:47.334,0.7781,0.77844,2.33,1.35
2013.01.09 14:09:47.392,0.77811,0.77844,1.73,1.13
2013.01.09 14:09:47.572,0.77811,0.77843,1.35,1.35
2013.01.09 14:09:47.636,0.7781,0.77843,1.95,1.35
2013.01.09 14:09:48.053,0.7781,0.77843,1.35,1.35
2013.01.09 14:09:48.362,0.77821,0.77849,1.35,1.88
2013.01.09 14:09:48.492,0.77821,0.77855,1.73,1.35
2013.01.09 14:09:49.162,0.77821,0.77853,1.73,1.35
2013.01.09 14:09:49.282,0.77821,0.77853,1.50,1.73
2013.01.09 14:09:49.625,0.77816,0.77849,1.35,1.35
2013.01.09 14:09:49.683,0.77814,0.77845,2.10,1.35
2013.01.09 14:09:49.746,0.77814,0.77847,2.10,1.35
2013.01.09 14:09:50.273,0.77814,0.77846,1.73,1.35
2013.01.09 14:09:50.332,0.77814,0.77846,1.73,1.35
2013.01.09 14:09:51.096,0.77811,0.77846,1.35,1.35
2013.01.09 14:09:51.452,0.7781,0.77844,1.73,1.35
2013.01.09 14:09:51.512,0.77805,0.77842,1.35,1.35
2013.01.09 14:09:52.050,0.77805,0.77842,1.35,1.73
2013.01.09 14:09:52.252,0.77805,0.77837,1.35,1.35
2013.01.09 14:09:52.313,0.77805,0.77837,1.35,1.35
2013.01.09 14:09:52.372,0.77803,0.77836,1.73,1.73
2013.01.09 14:09:52.432,0.77803,0.77836,1.73,1.35
2013.01.09 14:09:53.259,0.77803,0.77835,1.73,1.35
2013.01.09 14:09:53.572,0.77824,0.77844,1.73,1.50
2013.01.09 14:09:53.632,0.77825,0.77862,1.73,1.73
2013.01.09 14:09:53.883,0.77826,0.77865,2.33,1.35
2013.01.09 14:09:54.474,0.77831,0.7787,1.73,1.35
2013.01.09 14:09:54.553,0.77831,0.77872,2.10,1.35
2013.01.09 14:09:55.197,0.77833,0.77872,2.33,1.35
2013.01.09 14:09:56.743,0.77833,0.77868,1.35,1.58
2013.01.09 14:09:56.836,0.77832,0.77868,1.35,1.58
2013.01.09 14:09:57.282,0.77832,0.77867,1.73,1.74
2013.01.09 14:09:57.502,0.77832,0.7787,1.95,1.67
2013.01.09 14:09:57.622,0.77833,0.7787,1.20,1.67
2013.01.09 14:09:57.808,0.77829,0.77864,1.73,1.12
2013.01.09 14:09:58.062,0.77829,0.77868,1.73,2.01
2013.01.09 14:09:59.055,0.77829,0.77865,1.73,1.21
2013.01.09 14:09:59.550,0.77826,0.77862,1.73,1.32
2013.01.09 14:09:59.921,0.77824,0.7786,1.95,1.14
2013.01.09 14:10:00.930,0.77824,0.77857,1.95,1.35
2013.01.09 14:10:01.432,0.77819,0.77856,2.33,1.35
2013.01.09 14:10:01.492,0.77819,0.77856,2.70,2.31
2013.01.09 14:10:01.567,0.77819,0.77854,2.70,1.14
2013.01.09 14:10:01.802,0.77819,0.77854,1.73,1.14
2013.01.09 14:10:02.206,0.77815,0.7785,1.73,1.19
2013.01.09 14:10:02.448,0.77815,0.77854,1.73,1.73
2013.01.09 14:10:02.632,0.77816,0.77854,1.35,1.73
2013.01.09 14:10:02.864,0.77816,0.77849,1.13,1.10
2013.01.09 14:10:02.922,0.77814,0.77849,1.58,1.10
2013.01.09 14:10:03.843,0.77812,0.77851,1.35,1.08
2013.01.09 14:10:04.268,0.77816,0.77851,1.58,1.08
2013.01.09 14:10:04.332,0.77819,0.77858,1.13,1.95
2013.01.09 14:10:04.878,0.77819,0.77848,1.13,1.35
2013.01.09 14:10:05.423,0.77818,0.77854,1.35,1.14
2013.01.09 14:10:05.481,0.77816,0.77848,1.58,1.35
2013.01.09 14:10:07.082,0.77816,0.77855,1.58,1.71
2013.01.09 14:10:07.412,0.77807,0.77839,1.50,1.95
2013.01.09 14:10:08.123,0.77803,0.7784,2.33,2.33
2013.01.09 14:10:08.422,0.77806,0.77843,1.73,1.35
2013.01.09 14:10:08.542,0.77806,0.77839,1.50,2.36
2013.01.09 14:10:08.859,0.77808,0.77839,1.13,1.98
2013.01.09 14:10:08.983,0.77809,0.77847,1.35,1.95
2013.01.09 14:10:09.042,0.77809,0.77844,1.35,1.35
2013.01.09 14:10:09.402,0.77806,0.77843,1.73,1.63
2013.01.09 14:10:10.008,0.77809,0.77847,1.73,2.91
2013.01.09 14:10:10.236,0.77809,0.77847,1.73,2.33
2013.01.09 14:10:10.292,0.7781,0.77847,1.73,2.33
2013.01.09 14:10:10.794,0.7781,0.77847,1.73,2.33
2013.01.09 14:10:11.124,0.7781,0.77843,1.13,1.36
2013.01.09 14:10:11.182,0.7781,0.77845,1.35,1.47
2013.01.09 14:10:11.243,0.77807,0.77844,1.73,1.35
2013.01.09 14:10:11.842,0.77809,0.77844,1.73,1.35
2013.01.09 14:10:12.824,0.77809,0.77846,1.73,1.35
2013.01.09 14:10:12.942,0.77809,0.77846,1.73,1.35
2013.01.09 14:10:13.834,0.77812,0.77851,1.73,1.73
2013.01.09 14:10:14.383,0.77812,0.77849,1.73,1.35
2013.01.09 14:10:16.996,0.77812,0.77849,1.73,1.35
2013.01.09 14:10:17.242,0.77812,0.77849,1.50,1.89
2013.01.09 14:10:17.302,0.77811,0.77847,1.50,1.14
2013.01.09 14:10:18.313,0.77808,0.77847,1.58,1.89
2013.01.09 14:10:18.904,0.7781,0.77847,1.73,2.49
2013.01.09 14:10:19.142,0.77811,0.77848,1.73,1.35
2013.01.09 14:10:19.307,0.77811,0.77844,2.10,1.35
2013.01.09 14:10:24.824,0.7781,0.77848,2.48,1.14
2013.01.09 14:10:25.180,0.7781,0.77847,2.10,1.60
2013.01.09 14:10:25.883,0.77807,0.77841,1.73,1.35
2013.01.09 14:10:26.676,0.77808,0.77846,1.35,1.73
2013.01.09 14:10:29.372,0.77807,0.77844,1.73,1.05
2013.01.09 14:10:29.908,0.77806,0.77843,1.73,1.35
2013.01.09 14:10:30.162,0.77806,0.77843,1.73,1.35
2013.01.09 14:10:30.682,0.77807,0.77846,1.73,2.38
2013.01.09 14:10:30.741,0.77807,0.77846,1.73,2.38
2013.01.09 14:10:31.203,0.77807,0.77846,1.73,1.35
2013.01.09 14:10:32.507,0.7781,0.77849,1.73,1.35
2013.01.09 14:10:36.263,0.77812,0.77851,1.73,1.73
2013.01.09 14:10:37.103,0.77811,0.7785,1.73,1.73
2013.01.09 14:10:37.194,0.77811,0.7785,1.73,1.73
2013.01.09 14:10:37.252,0.77811,0.7785,1.73,2.04
2013.01.09 14:10:41.754,0.77809,0.77846,1.95,2.13
2013.01.09 14:10:41.992,0.77808,0.77841,1.13,1.35
2013.01.09 14:10:42.172,0.77811,0.77843,1.13,1.35
2013.01.09 14:10:42.502,0.77808,0.7784,1.73,1.35
2013.01.09 14:10:42.653,0.77808,0.77841,1.50,1.35
2013.01.09 14:10:43.373,0.77808,0.77841,1.73,1.35
2013.01.09 14:10:43.612,0.77812,0.77844,1.73,1.35
2013.01.09 14:10:45.427,0.77808,0.77841,1.50,1.35
2013.01.09 14:10:45.553,0.77808,0.77841,1.50,1.35
2013.01.09 14:10:46.384,0.77802,0.77834,1.58,1.35
2013.01.09 14:10:46.503,0.77802,0.77834,1.58,1.35
2013.01.09 14:10:46.622,0.77802,0.77834,1.35,1.35
2013.01.09 14:10:46.893,0.778,0.77833,1.73,2.10
2013.01.09 14:10:47.073,0.77795,0.77828,1.73,1.35
2013.01.09 14:10:47.193,0.77793,0.77828,3.23,1.73
2013.01.09 14:10:47.543,0.77796,0.77829,1.73,1.35
2013.01.09 14:10:47.734,0.77799,0.77832,1.73,1.35
2013.01.09 14:10:48.032,0.77801,0.77832,1.35,1.35
2013.01.09 14:10:49.337,0.77799,0.7783,1.73,1.73
2013.01.09 14:10:49.685,0.77797,0.77829,1.50,1.35
2013.01.09 14:10:49.983,0.77797,0.77829,1.50,1.35
2013.01.09 14:10:50.604,0.77797,0.77831,1.73,1.35
2013.01.09 14:10:51.343,0.77796,0.77832,1.73,1.73
2013.01.09 14:10:53.141,0.77799,0.77832,1.50,1.35
2013.01.09 14:10:53.442,0.77799,0.77833,1.73,1.35
2013.01.09 14:10:53.506,0.77799,0.77833,1.50,1.35
2013.01.09 14:10:54.343,0.77801,0.77831,1.50,1.35
2013.01.09 14:10:56.633,0.778,0.77834,1.73,1.73
2013.01.09 14:10:56.768,0.778,0.77834,1.73,1.73
2013.01.09 14:10:56.893,0.77801,0.77833,1.73,1.35
2013.01.09 14:10:57.438,0.778,0.7783,1.73,1.35
2013.01.09 14:10:58.044,0.778,0.7783,1.73,1.35
2013.01.09 14:10:58.603,0.77801,0.77837,1.35,1.59
2013.01.09 14:10:58.662,0.77801,0.77841,1.58,2.37
2013.01.09 14:10:59.175,0.77805,0.77841,1.50,2.00
2013.01.09 14:10:59.572,0.77807,0.77843,1.73,1.35
2013.01.09 14:11:00.698,0.77807,0.77845,1.73,2.98
2013.01.09 14:11:01.342,0.77809,0.77841,1.50,1.73
2013.01.09 14:11:01.893,0.77809,0.77841,1.50,1.73
2013.01.09 14:11:02.344,0.77808,0.77842,1.73,2.10
2013.01.09 14:11:03.842,0.77808,0.77842,2.10,1.73
2013.01.09 14:11:03.909,0.77808,0.77842,2.10,1.73
2013.01.09 14:11:04.354,0.77808,0.77843,2.10,1.73
2013.01.09 14:11:05.023,0.77809,0.77843,1.73,1.73
2013.01.09 14:11:05.325,0.77809,0.77843,1.73,1.73
2013.01.09 14:11:05.444,0.77809,0.77842,1.73,1.73
2013.01.09 14:11:05.502,0.77808,0.77841,1.73,1.73
2013.01.09 14:11:05.634,0.77808,0.77841,1.35,1.73
2013.01.09 14:11:05.733,0.77804,0.77839,2.33,1.73
2013.01.09 14:11:06.504,0.77805,0.77839,1.73,1.73
2013.01.09 14:11:08.054,0.77805,0.77839,1.73,1.73
2013.01.09 14:11:08.432,0.77801,0.77833,2.48,1.73
2013.01.09 14:11:08.552,0.77801,0.77833,2.25,1.73
2013.01.09 14:11:13.063,0.778,0.77834,2.10,2.33
2013.01.09 14:11:13.122,0.778,0.77834,2.10,1.58
2013.01.09 14:11:13.243,0.77802,0.77837,1.35,1.73
2013.01.09 14:11:14.178,0.77804,0.77838,1.73,1.73
2013.01.09 14:11:16.003,0.77804,0.77839,1.73,1.73
2013.01.09 14:11:16.527,0.77804,0.77839,1.73,1.73
2013.01.09 14:11:17.266,0.77804,0.77839,1.73,1.73
2013.01.09 14:11:21.112,0.77808,0.77841,1.73,1.95
2013.01.09 14:11:21.533,0.77811,0.77845,1.50,2.48
2013.01.09 14:11:21.853,0.77811,0.77844,1.50,1.61
2013.01.09 14:11:23.002,0.7781,0.77844,1.50,1.61
2013.01.09 14:11:23.812,0.77811,0.77844,1.50,1.61
2013.01.09 14:11:23.872,0.77811,0.77843,2.48,1.73
2013.01.09 14:11:25.743,0.77814,0.77848,1.50,1.14
2013.01.09 14:11:29.048,0.77815,0.77848,1.50,1.52
2013.01.09 14:11:29.372,0.77815,0.77849,1.13,1.52
2013.01.09 14:11:31.500,0.77816,0.77849,1.88,3.44
2013.01.09 14:11:31.564,0.77815,0.77848,1.50,1.36
2013.01.09 14:11:31.734,0.77815,0.77847,1.50,1.20
2013.01.09 14:11:32.722,0.77813,0.77846,1.50,1.63
2013.01.09 14:11:35.853,0.77812,0.77844,1.50,1.08
2013.01.09 14:11:35.972,0.7781,0.77843,1.13,1.35
2013.01.09 14:11:39.003,0.77806,0.77838,1.73,1.58
2013.01.09 14:11:39.062,0.77806,0.77838,1.50,1.58
2013.01.09 14:11:39.412,0.77808,0.77842,1.50,1.73
2013.01.09 14:11:40.292,0.77808,0.77842,1.50,1.94
2013.01.09 14:11:40.413,0.77808,0.7784,1.50,1.35
2013.01.09 14:11:41.087,0.77808,0.7784,1.50,1.35
2013.01.09 14:11:41.456,0.77808,0.7784,1.50,1.35
2013.01.09 14:11:41.524,0.77808,0.77839,1.50,1.34
2013.01.09 14:11:41.764,0.77806,0.7784,1.50,1.73
2013.01.09 14:11:42.036,0.77809,0.7784,1.50,1.35
2013.01.09 14:11:44.043,0.77811,0.77841,1.50,1.35
2013.01.09 14:11:44.592,0.77811,0.77845,1.50,1.52
2013.01.09 14:11:44.686,0.77811,0.77845,1.73,1.20
2013.01.09 14:11:44.802,0.77811,0.77844,1.73,1.35
2013.01.09 14:11:45.334,0.77813,0.77845,1.50,1.58
2013.01.09 14:11:45.684,0.77813,0.77844,1.50,1.32
2013.01.09 14:11:46.227,0.77811,0.77841,1.50,1.35
2013.01.09 14:11:46.293,0.7781,0.77841,1.50,1.35
2013.01.09 14:11:46.613,0.77807,0.7784,1.13,1.35
2013.01.09 14:11:46.684,0.77807,0.7784,1.35,1.35
2013.01.09 14:11:47.609,0.7781,0.7784,1.50,1.35
2013.01.09 14:11:49.195,0.7781,0.77841,1.50,1.35
2013.01.09 14:11:49.532,0.7781,0.77841,1.50,1.17
2013.01.09 14:11:49.788,0.7781,0.77845,1.73,1.20
2013.01.09 14:11:49.854,0.77812,0.77845,2.33,1.20
2013.01.09 14:11:50.524,0.77813,0.77845,1.13,1.58
2013.01.09 14:11:50.865,0.77833,0.77849,1.13,1.42
2013.01.09 14:11:51.324,0.77833,0.77859,1.13,2.48
2013.01.09 14:11:51.612,0.77835,0.77867,1.50,1.73
2013.01.09 14:11:52.442,0.77834,0.77868,1.13,1.52
2013.01.09 14:11:52.562,0.77834,0.7787,1.35,1.35
2013.01.09 14:11:53.195,0.77841,0.7787,1.13,1.35
2013.01.09 14:11:53.844,0.77845,0.77875,1.13,2.33
2013.01.09 14:11:53.905,0.77845,0.77875,1.13,1.95
2013.01.09 14:11:54.265,0.77847,0.77878,1.13,2.85
2013.01.09 14:11:54.484,0.7785,0.7788,1.13,1.35
2013.01.09 14:11:54.813,0.77851,0.77883,1.13,1.58
2013.01.09 14:11:55.172,0.77851,0.77887,1.35,1.38
2013.01.09 14:11:56.103,0.77851,0.77884,1.35,1.73
2013.01.09 14:11:56.175,0.77852,0.77884,1.13,1.58
2013.01.09 14:11:56.306,0.77852,0.77884,1.13,1.35
2013.01.09 14:11:56.369,0.77852,0.77886,1.13,1.14
2013.01.09 14:11:57.080,0.77852,0.77887,1.35,1.12
2013.01.09 14:11:58.241,0.77853,0.77887,1.13,1.87
2013.01.09 14:11:58.552,0.77851,0.77884,1.13,1.94
2013.01.09 14:11:58.854,0.77851,0.77888,2.55,1.35
2013.01.09 14:11:59.173,0.77849,0.77883,1.88,1.58
2013.01.09 14:11:59.532,0.77844,0.77878,1.73,1.35
2013.01.09 14:11:59.843,0.77843,0.77878,1.13,1.61
2013.01.09 14:11:59.963,0.77843,0.77878,1.13,2.21
2013.01.09 14:12:00.227,0.77841,0.77871,1.13,1.67
2013.01.09 14:12:00.295,0.77838,0.77871,1.50,1.67
2013.01.09 14:12:01.163,0.77841,0.77871,1.13,1.89
2013.01.09 14:12:01.282,0.77841,0.77871,1.13,1.96
2013.01.09 14:12:01.583,0.77833,0.77869,1.35,1.59
2013.01.09 14:12:01.993,0.7783,0.77861,2.63,1.35
2013.01.09 14:12:02.352,0.77826,0.7786,2.33,1.61
2013.01.09 14:12:02.412,0.77827,0.77861,1.34,1.13
2013.01.09 14:12:02.472,0.77837,0.77866,1.73,1.35
2013.01.09 14:12:02.634,0.77837,0.77871,1.73,2.33
2013.01.09 14:12:02.812,0.77837,0.7787,1.50,1.32
2013.01.09 14:12:02.872,0.77833,0.7787,2.25,1.32
2013.01.09 14:12:03.617,0.77832,0.77869,1.35,1.73
2013.01.09 14:12:03.883,0.7783,0.77862,2.03,1.35
2013.01.09 14:12:04.062,0.77825,0.77862,2.63,1.73
2013.01.09 14:12:04.123,0.77825,0.7786,2.40,1.20
2013.01.09 14:12:04.439,0.77825,0.77862,2.40,1.62
2013.01.09 14:12:04.503,0.77827,0.77862,2.78,1.62
2013.01.09 14:12:05.059,0.77826,0.77861,1.88,1.61
2013.01.09 14:12:05.903,0.77826,0.77859,2.10,1.35
2013.01.09 14:12:06.614,0.77827,0.77859,2.33,1.35
2013.01.09 14:12:06.883,0.77831,0.77862,1.58,1.35
2013.01.09 14:12:07.118,0.77832,0.77868,1.35,1.73
2013.01.09 14:12:07.452,0.77831,0.77861,1.80,1.35
2013.01.09 14:12:07.693,0.77824,0.7786,1.35,1.59
2013.01.09 14:12:08.086,0.77824,0.7786,1.35,2.34
2013.01.09 14:12:08.291,0.77824,0.77856,1.35,1.35
2013.01.09 14:12:08.593,0.77818,0.7785,1.50,1.32
2013.01.09 14:12:08.772,0.77821,0.77851,1.50,1.35
2013.01.09 14:12:08.953,0.77821,0.77851,1.73,1.35
2013.01.09 14:12:09.852,0.77821,0.77856,1.73,1.35
2013.01.09 14:12:10.152,0.77831,0.77865,1.50,1.35
2013.01.09 14:12:10.483,0.77831,0.77865,1.73,1.35
2013.01.09 14:12:10.662,0.77835,0.77865,1.50,1.35
2013.01.09 14:12:10.933,0.77835,0.77865,1.50,1.35
2013.01.09 14:12:10.993,0.77835,0.77865,1.50,1.83
2013.01.09 14:12:11.328,0.77829,0.77859,1.73,2.10
2013.01.09 14:12:11.392,0.77825,0.77859,2.33,2.10
2013.01.09 14:12:11.452,0.77825,0.77859,2.10,2.10
2013.01.09 14:12:11.695,0.77827,0.7786,1.35,2.10
2013.01.09 14:12:11.883,0.77828,0.77865,2.10,1.35
2013.01.09 14:12:12.298,0.7783,0.77865,1.73,1.35
2013.01.09 14:12:12.936,0.7783,0.77865,2.10,1.35
2013.01.09 14:12:13.639,0.77831,0.77865,1.73,1.35
2013.01.09 14:12:15.190,0.7783,0.77865,1.73,1.35
2013.01.09 14:12:15.748,0.77831,0.77865,1.73,1.35
2013.01.09 14:12:16.053,0.77831,0.77858,2.70,1.50
2013.01.09 14:12:16.153,0.77831,0.77861,2.70,1.13
2013.01.09 14:12:16.453,0.77831,0.77865,1.73,1.61
2013.01.09 14:12:16.573,0.77831,0.77866,1.58,1.35
2013.01.09 14:12:17.002,0.7783,0.77864,1.35,1.73
2013.01.09 14:12:17.393,0.7783,0.77864,1.35,1.73
2013.01.09 14:12:17.632,0.7783,0.77863,1.95,1.35
2013.01.09 14:12:18.516,0.77833,0.77865,1.73,1.35
2013.01.09 14:12:18.642,0.77827,0.77863,1.35,1.73
2013.01.09 14:12:18.845,0.77827,0.77861,1.35,1.35
2013.01.09 14:12:19.142,0.77827,0.77859,1.13,1.35
2013.01.09 14:12:20.212,0.7783,0.77861,1.13,1.83
2013.01.09 14:12:20.332,0.7783,0.77864,2.48,1.35
2013.01.09 14:12:20.452,0.7783,0.77864,2.25,1.35
2013.01.09 14:12:20.802,0.77827,0.77861,1.13,1.45
2013.01.09 14:12:20.992,0.77826,0.77861,1.13,1.83
2013.01.09 14:12:22.217,0.77825,0.77861,1.35,1.35
2013.01.09 14:12:22.726,0.77827,0.77862,1.13,1.92
2013.01.09 14:12:22.783,0.77827,0.77862,1.35,1.35
2013.01.09 14:12:23.153,0.77828,0.77862,1.35,1.35
2013.01.09 14:12:23.827,0.77827,0.77862,2.10,1.35
2013.01.09 14:12:24.194,0.77827,0.77861,1.13,1.73
2013.01.09 14:12:25.722,0.77827,0.77861,1.35,1.73
2013.01.09 14:12:26.288,0.77827,0.77861,1.50,1.35
2013.01.09 14:12:26.523,0.77827,0.77861,1.35,1.35
2013.01.09 14:12:26.643,0.77827,0.77861,1.35,1.35
2013.01.09 14:12:27.202,0.77828,0.77861,1.35,1.35
2013.01.09 14:12:27.562,0.7783,0.77866,1.73,2.10
2013.01.09 14:12:27.753,0.7783,0.77866,2.10,1.73
2013.01.09 14:12:28.964,0.7783,0.77866,1.88,2.10
2013.01.09 14:12:29.082,0.77829,0.77866,1.58,2.10
2013.01.09 14:12:29.422,0.77828,0.77863,1.50,1.35
2013.01.09 14:12:30.022,0.77827,0.77859,1.13,1.35
2013.01.09 14:12:30.457,0.77823,0.77858,1.88,1.43
2013.01.09 14:12:31.522,0.77823,0.77857,1.13,1.35
2013.01.09 14:12:31.792,0.77825,0.77859,1.35,3.23
2013.01.09 14:12:32.203,0.77825,0.77858,1.35,2.85
2013.01.09 14:12:32.515,0.77825,0.77861,1.35,2.85
2013.01.09 14:12:33.023,0.77826,0.77862,1.73,2.22
2013.01.09 14:12:33.142,0.77826,0.77862,1.73,1.73
2013.01.09 14:12:33.897,0.77826,0.77862,1.73,1.73
2013.01.09 14:12:34.472,0.77826,0.77862,1.73,1.73
2013.01.09 14:12:34.593,0.77825,0.77858,1.35,1.35
2013.01.09 14:12:34.935,0.77825,0.77858,1.13,1.35
2013.01.09 14:12:37.665,0.77824,0.77858,1.88,1.59
2013.01.09 14:12:37.962,0.77817,0.77846,1.35,1.73
2013.01.09 14:12:38.022,0.77817,0.77846,1.13,1.73
2013.01.09 14:12:38.262,0.77813,0.77847,1.13,1.35
2013.01.09 14:12:38.793,0.77813,0.77848,1.35,1.73
2013.01.09 14:12:40.612,0.77814,0.7785,1.73,2.10
2013.01.09 14:12:44.492,0.77814,0.77849,1.73,1.35
2013.01.09 14:12:44.553,0.77813,0.77847,2.48,1.73
2013.01.09 14:12:44.673,0.77813,0.77847,1.50,1.35
2013.01.09 14:12:44.814,0.77814,0.77847,1.13,1.98
2013.01.09 14:12:45.773,0.77813,0.77845,1.13,1.67
2013.01.09 14:12:47.082,0.77814,0.77849,1.50,1.54
2013.01.09 14:12:47.203,0.77814,0.77849,1.50,2.64
2013.01.09 14:12:47.540,0.77816,0.77849,1.73,1.35
2013.01.09 14:12:47.773,0.77816,0.77852,1.73,1.35
2013.01.09 14:12:47.921,0.77816,0.77852,1.73,1.35
2013.01.09 14:12:48.252,0.77816,0.77849,1.73,1.35
2013.01.09 14:12:48.312,0.77816,0.77851,1.73,1.35
2013.01.09 14:12:48.853,0.77815,0.77849,1.73,1.35
2013.01.09 14:12:49.392,0.77819,0.77854,1.35,1.58
2013.01.09 14:12:49.883,0.77823,0.77855,1.35,1.35
2013.01.09 14:12:50.393,0.77823,0.77859,1.35,2.13
2013.01.09 14:12:51.683,0.77823,0.77859,1.35,1.73
2013.01.09 14:12:52.013,0.77832,0.77864,1.50,1.23
2013.01.09 14:12:52.454,0.77832,0.77865,1.73,1.13
2013.01.09 14:12:52.573,0.77832,0.77865,1.73,1.35
2013.01.09 14:12:52.713,0.7783,0.77865,1.73,1.35
2013.01.09 14:12:52.785,0.7783,0.77864,1.73,2.85
2013.01.09 14:12:53.348,0.7783,0.77866,1.73,2.10
2013.01.09 14:12:53.712,0.77828,0.77861,1.13,1.35
2013.01.09 14:12:53.772,0.77826,0.77861,1.73,1.35
2013.01.09 14:12:54.062,0.7783,0.77863,1.13,1.83
2013.01.09 14:12:54.122,0.7783,0.77863,1.35,1.35
2013.01.09 14:12:54.715,0.7783,0.77863,1.73,1.35
2013.01.09 14:12:54.984,0.77825,0.77861,1.73,1.35
2013.01.09 14:12:55.110,0.77831,0.77863,1.73,1.35
2013.01.09 14:12:56.402,0.77831,0.77863,1.73,1.35
2013.01.09 14:12:57.101,0.77831,0.77863,1.73,1.35
2013.01.09 14:12:57.984,0.77833,0.77862,1.73,2.10
2013.01.09 14:12:58.043,0.77833,0.77862,1.73,1.73
2013.01.09 14:12:58.104,0.77833,0.77864,1.73,1.35
2013.01.09 14:12:58.503,0.77835,0.77865,1.58,1.73
2013.01.09 14:12:59.013,0.77836,0.77866,1.50,1.35
2013.01.09 14:12:59.072,0.77836,0.77871,1.73,1.35
2013.01.09 14:12:59.637,0.77837,0.77871,1.35,1.35
2013.01.09 14:13:00.274,0.77837,0.77871,1.35,1.35
2013.01.09 14:13:00.473,0.77837,0.77871,1.35,1.35
2013.01.09 14:13:00.592,0.77839,0.77875,1.73,1.35
2013.01.09 14:13:00.733,0.77838,0.77875,1.35,2.37
2013.01.09 14:13:00.853,0.77835,0.77869,1.58,1.35
2013.01.09 14:13:01.032,0.77835,0.77871,1.58,1.69
2013.01.09 14:13:01.542,0.77835,0.77869,1.58,2.10
2013.01.09 14:13:02.504,0.77834,0.77869,1.88,1.61
2013.01.09 14:13:02.563,0.77834,0.77866,1.13,1.35
2013.01.09 14:13:06.024,0.77834,0.77868,1.13,1.73
2013.01.09 14:13:06.162,0.77834,0.77869,1.35,1.73
2013.01.09 14:13:08.024,0.77834,0.77869,1.35,1.73
2013.01.09 14:13:08.854,0.77835,0.77869,1.35,2.10
2013.01.09 14:13:10.424,0.77835,0.77869,1.35,2.10
2013.01.09 14:13:10.727,0.77835,0.77866,2.10,1.35
2013.01.09 14:13:11.272,0.77835,0.77866,1.35,2.10
2013.01.09 14:13:11.573,0.7783,0.77863,1.73,1.58
2013.01.09 14:13:11.693,0.77831,0.77862,1.35,1.73
2013.01.09 14:13:12.278,0.77832,0.7786,1.35,1.35
2013.01.09 14:13:13.083,0.77831,0.77863,2.10,1.35
2013.01.09 14:13:13.731,0.77832,0.77863,1.35,2.10
2013.01.09 14:13:14.242,0.77831,0.77862,1.35,1.35
2013.01.09 14:13:14.483,0.77829,0.77861,1.35,1.73
2013.01.09 14:13:15.779,0.77829,0.7786,1.35,1.73
2013.01.09 14:13:16.344,0.77829,0.77859,1.35,1.35
2013.01.09 14:13:16.762,0.77829,0.77859,1.13,1.35
2013.01.09 14:13:17.347,0.77828,0.77858,1.13,1.73
2013.01.09 14:13:17.863,0.77828,0.77859,1.13,1.35
2013.01.09 14:13:18.047,0.77827,0.77858,1.13,1.73
2013.01.09 14:13:19.017,0.77824,0.77856,1.13,1.73
2013.01.09 14:13:19.393,0.77826,0.77857,1.13,2.36
2013.01.09 14:13:19.513,0.77826,0.77857,1.35,1.73
2013.01.09 14:13:19.852,0.77823,0.77856,2.10,1.73
2013.01.09 14:13:20.160,0.77822,0.77851,1.50,1.35
2013.01.09 14:13:20.492,0.77823,0.77855,1.50,1.73
2013.01.09 14:13:21.004,0.77823,0.77855,1.13,1.73
2013.01.09 14:13:21.343,0.77826,0.77857,1.50,1.52
2013.01.09 14:13:21.405,0.77826,0.77858,1.50,1.35
2013.01.09 14:13:21.523,0.77826,0.77858,1.73,1.35
2013.01.09 14:13:23.043,0.77829,0.77858,1.35,1.35
2013.01.09 14:13:23.691,0.77829,0.7786,1.35,1.35
2013.01.09 14:13:25.073,0.77827,0.77858,1.50,1.73
2013.01.09 14:13:29.373,0.77829,0.77858,1.35,1.35
2013.01.09 14:13:30.126,0.77832,0.77862,1.13,2.10
2013.01.09 14:13:30.415,0.77832,0.77863,1.13,2.48
2013.01.09 14:13:30.920,0.77832,0.77863,1.13,2.48
2013.01.09 14:13:31.791,0.77832,0.77863,1.13,2.48
2013.01.09 14:13:32.544,0.77832,0.77863,1.13,2.48
2013.01.09 14:13:32.604,0.77832,0.77863,1.35,2.48
2013.01.09 14:13:33.433,0.77833,0.77863,1.13,2.48
2013.01.09 14:13:33.546,0.77833,0.77863,1.35,2.48
2013.01.09 14:13:33.693,0.77834,0.77863,1.35,1.73
2013.01.09 14:13:34.572,0.77837,0.77867,1.13,1.35
2013.01.09 14:13:35.082,0.77837,0.77867,1.13,1.35
2013.01.09 14:13:35.772,0.77835,0.77866,1.13,1.35
2013.01.09 14:13:36.426,0.77834,0.77866,1.50,2.10
2013.01.09 14:13:38.343,0.77832,0.77864,1.35,1.73
2013.01.09 14:13:38.464,0.77832,0.77863,1.35,1.35
2013.01.09 14:13:38.705,0.7783,0.7786,1.13,1.35
2013.01.09 14:13:38.824,0.77831,0.77863,2.10,2.10
2013.01.09 14:13:39.225,0.77833,0.77863,1.13,1.35
2013.01.09 14:13:39.553,0.77836,0.77868,1.50,2.10
2013.01.09 14:13:39.673,0.77836,0.77868,1.73,2.10
2013.01.09 14:13:39.793,0.77836,0.77868,1.73,1.35
2013.01.09 14:13:39.855,0.77837,0.77868,1.35,2.85
2013.01.09 14:13:41.349,0.77838,0.77868,1.13,1.35
2013.01.09 14:13:43.405,0.77836,0.77868,1.35,2.10
2013.01.09 14:13:43.463,0.77836,0.77868,1.13,2.10
2013.01.09 14:13:44.023,0.77835,0.77864,1.13,1.73
2013.01.09 14:13:44.412,0.77836,0.77868,1.13,1.35
2013.01.09 14:13:44.593,0.77836,0.77867,1.35,1.73
2013.01.09 14:13:44.723,0.77836,0.77867,1.13,1.73
2013.01.09 14:13:44.782,0.77835,0.77864,1.35,1.73
2013.01.09 14:13:45.334,0.77833,0.77864,1.35,2.48
2013.01.09 14:13:45.392,0.77833,0.77864,1.13,2.48
2013.01.09 14:13:45.452,0.77833,0.77862,1.13,1.35
2013.01.09 14:13:45.572,0.77833,0.7786,1.35,1.35
2013.01.09 14:13:47.012,0.7783,0.77859,1.13,1.35
2013.01.09 14:13:47.262,0.7783,0.77859,1.13,1.35
2013.01.09 14:13:47.354,0.77827,0.77859,1.73,2.10
2013.01.09 14:13:47.412,0.77827,0.77859,1.73,2.10
2013.01.09 14:13:47.653,0.77827,0.77859,1.13,2.10
2013.01.09 14:13:48.198,0.77827,0.77858,1.13,1.73
2013.01.09 14:13:48.907,0.77827,0.77858,1.50,1.73
2013.01.09 14:13:48.974,0.77827,0.77858,1.50,1.73
2013.01.09 14:13:49.033,0.77827,0.77858,1.73,1.73
2013.01.09 14:13:49.405,0.77829,0.7786,1.13,2.10
2013.01.09 14:13:49.787,0.77831,0.77861,1.13,1.35
2013.01.09 14:13:49.889,0.77831,0.77861,1.13,1.35
2013.01.09 14:13:50.423,0.77832,0.77864,1.13,2.48
2013.01.09 14:13:52.204,0.77832,0.77863,1.13,1.35
2013.01.09 14:13:52.806,0.77832,0.77864,1.13,2.48
2013.01.09 14:13:52.879,0.77832,0.77864,1.35,2.48
2013.01.09 14:13:53.091,0.77834,0.77864,1.88,1.73
2013.01.09 14:13:53.412,0.77836,0.77864,1.35,1.73
2013.01.09 14:13:54.134,0.77836,0.77868,1.73,2.10
2013.01.09 14:13:54.192,0.77836,0.77868,1.73,1.35
2013.01.09 14:13:57.162,0.77839,0.77872,1.35,1.35
2013.01.09 14:13:57.493,0.77843,0.77873,1.13,1.73
2013.01.09 14:13:57.613,0.77843,0.77873,1.35,1.73
2013.01.09 14:13:58.367,0.77843,0.77873,1.35,1.73
2013.01.09 14:13:58.692,0.77843,0.77873,1.35,1.73
2013.01.09 14:14:01.412,0.77843,0.7787,1.35,1.13
2013.01.09 14:14:03.443,0.77842,0.77873,1.73,1.73
2013.01.09 14:14:04.283,0.77844,0.77876,1.35,2.33
2013.01.09 14:14:04.342,0.77844,0.77876,1.35,1.73
2013.01.09 14:14:04.502,0.77844,0.77876,1.35,1.73
2013.01.09 14:14:06.743,0.77844,0.77875,1.35,1.35
2013.01.09 14:14:07.694,0.77839,0.77869,2.10,1.13
2013.01.09 14:14:07.765,0.77834,0.77867,2.10,1.73
2013.01.09 14:14:07.822,0.77834,0.77867,1.35,1.73
2013.01.09 14:14:07.883,0.77834,0.77865,1.35,1.73
2013.01.09 14:14:08.204,0.77831,0.77861,2.10,1.35
2013.01.09 14:14:08.917,0.77832,0.77863,1.35,2.10
2013.01.09 14:14:10.002,0.77834,0.77864,1.35,1.73
2013.01.09 14:14:10.063,0.77834,0.77866,1.35,1.73
2013.01.09 14:14:10.195,0.77835,0.77868,1.73,2.10
2013.01.09 14:14:11.767,0.77835,0.77868,1.35,1.88
2013.01.09 14:14:12.650,0.77837,0.77868,1.35,1.35
2013.01.09 14:14:13.447,0.77836,0.77868,1.35,1.35
2013.01.09 14:14:14.812,0.77841,0.77875,1.73,2.10
2013.01.09 14:14:15.053,0.77841,0.77873,1.35,1.35
2013.01.09 14:14:15.113,0.77841,0.77873,1.35,1.35
2013.01.09 14:14:15.293,0.77841,0.77875,1.35,1.35
2013.01.09 14:14:15.879,0.77842,0.77876,1.73,1.35
2013.01.09 14:14:18.324,0.77843,0.77875,1.73,1.35
2013.01.09 14:14:19.055,0.77841,0.77875,1.73,1.35
2013.01.09 14:14:19.356,0.77841,0.77875,1.35,1.35
2013.01.09 14:14:19.712,0.77843,0.77875,1.35,1.35
2013.01.09 14:14:19.832,0.77843,0.77873,1.35,1.35
2013.01.09 14:14:19.952,0.77843,0.77875,1.35,1.35
2013.01.09 14:14:20.136,0.77843,0.77873,1.35,1.73
2013.01.09 14:14:23.285,0.77845,0.77876,1.35,1.35
2013.01.09 14:14:23.402,0.77845,0.77876,1.35,1.35
2013.01.09 14:14:24.842,0.77845,0.77875,1.35,1.35
2013.01.09 14:14:24.921,0.77845,0.77875,1.35,1.35
2013.01.09 14:14:25.512,0.77845,0.77877,1.73,2.10
2013.01.09 14:14:26.028,0.77843,0.77877,2.48,1.73
2013.01.09 14:14:26.383,0.77846,0.77875,1.35,1.73
2013.01.09 14:14:26.504,0.77846,0.77875,1.35,1.73
2013.01.09 14:14:26.832,0.77844,0.77873,1.35,1.73
2013.01.09 14:14:27.050,0.77846,0.77875,1.35,1.73
2013.01.09 14:14:27.365,0.77843,0.77874,1.35,1.73
2013.01.09 14:14:27.596,0.77844,0.77873,1.35,1.73
2013.01.09 14:14:27.652,0.77845,0.77876,1.35,1.73
2013.01.09 14:14:37.493,0.77843,0.77872,2.10,1.73
2013.01.09 14:14:38.316,0.77843,0.77872,2.10,1.73
2013.01.09 14:14:39.019,0.77845,0.77874,1.35,1.73
2013.01.09 14:14:39.543,0.77845,0.77874,1.35,1.73
2013.01.09 14:14:39.662,0.77843,0.77872,2.10,1.73
2013.01.09 14:14:40.223,0.77843,0.77872,2.10,1.73
2013.01.09 14:14:40.732,0.77843,0.77872,2.10,1.73
2013.01.09 14:14:41.394,0.77848,0.77873,1.13,1.73
2013.01.09 14:14:41.708,0.77848,0.77873,2.25,1.73
2013.01.09 14:14:42.068,0.77848,0.77873,2.48,1.50
2013.01.09 14:14:42.372,0.77852,0.77874,1.35,1.50
2013.01.09 14:14:42.493,0.77852,0.77883,1.35,1.13
2013.01.09 14:14:43.412,0.77851,0.77883,2.48,1.13
2013.01.09 14:14:43.773,0.77852,0.77885,1.35,2.10
2013.01.09 14:14:44.455,0.77854,0.77885,1.73,1.73
2013.01.09 14:14:44.774,0.77862,0.77892,1.35,1.73
2013.01.09 14:14:45.075,0.77862,0.77892,1.35,1.73
2013.01.09 14:14:45.423,0.77864,0.77895,1.35,1.50
2013.01.09 14:14:45.486,0.77864,0.77895,1.73,1.50
2013.01.09 14:14:45.673,0.77864,0.77895,1.73,1.50
2013.01.09 14:14:45.875,0.77864,0.77894,1.73,1.73
2013.01.09 14:14:45.995,0.77861,0.77892,1.73,1.88
2013.01.09 14:14:46.878,0.77856,0.77889,2.48,1.35
2013.01.09 14:14:47.147,0.77856,0.77889,2.10,1.13
2013.01.09 14:14:47.643,0.77859,0.77889,1.35,1.73
2013.01.09 14:14:47.762,0.77857,0.77889,1.35,2.48
2013.01.09 14:14:48.425,0.77855,0.77885,1.73,1.73
2013.01.09 14:14:49.004,0.7785,0.77882,1.35,1.35
2013.01.09 14:14:49.740,0.77845,0.77879,1.35,1.35
2013.01.09 14:14:49.862,0.77845,0.77879,2.48,2.10
2013.01.09 14:14:49.923,0.77845,0.77879,2.48,2.10
2013.01.09 14:14:52.632,0.77844,0.77874,1.35,1.35
2013.01.09 14:14:52.904,0.77837,0.77868,1.35,1.58
2013.01.09 14:14:52.964,0.77837,0.77868,1.35,2.33
2013.01.09 14:14:53.322,0.77833,0.77864,1.35,1.35
2013.01.09 14:14:53.678,0.77833,0.77864,1.35,1.35
2013.01.09 14:14:54.295,0.77833,0.77864,1.35,1.35
2013.01.09 14:14:55.703,0.77833,0.77863,1.35,1.35
2013.01.09 14:14:56.442,0.77831,0.77863,1.35,1.35
2013.01.09 14:14:56.802,0.77832,0.77863,1.50,1.35
2013.01.09 14:14:56.863,0.77832,0.77863,1.73,1.35
2013.01.09 14:14:57.163,0.77829,0.77862,1.35,1.73
2013.01.09 14:14:59.912,0.77829,0.7786,1.35,1.73
2013.01.09 14:15:00.886,0.77825,0.77858,1.35,1.73
2013.01.09 14:15:00.943,0.77825,0.77857,1.73,1.35
2013.01.09 14:15:01.277,0.77828,0.77858,1.50,1.73
2013.01.09 14:15:02.056,0.77828,0.77858,1.35,1.73
2013.01.09 14:15:02.392,0.7783,0.7786,1.35,1.73
2013.01.09 14:15:04.012,0.77832,0.77859,1.35,1.73
2013.01.09 14:15:06.242,0.77829,0.7786,1.35,2.48
2013.01.09 14:15:09.031,0.77829,0.77859,1.35,1.73
2013.01.09 14:15:09.598,0.77828,0.7786,2.10,2.48
2013.01.09 14:15:11.384,0.77826,0.77856,1.35,1.35
2013.01.09 14:15:13.793,0.77828,0.77858,1.35,1.73
2013.01.09 14:15:13.854,0.77828,0.7786,1.73,1.73
2013.01.09 14:15:14.092,0.77833,0.77864,1.35,1.73
2013.01.09 14:15:14.213,0.77833,0.77864,1.35,1.73
2013.01.09 14:15:15.151,0.77833,0.77864,1.35,1.73
2013.01.09 14:15:18.052,0.77825,0.77857,1.35,1.35
2013.01.09 14:15:22.614,0.77826,0.77857,1.13,1.35
2013.01.09 14:15:22.674,0.77823,0.77852,1.13,1.73
2013.01.09 14:15:22.794,0.77818,0.77853,2.10,3.60
2013.01.09 14:15:23.513,0.77818,0.77853,1.73,3.23
2013.01.09 14:15:23.677,0.77818,0.77853,1.73,3.23
2013.01.09 14:15:24.143,0.77822,0.77853,1.35,2.48
2013.01.09 14:15:24.203,0.77824,0.77853,1.35,1.73
2013.01.09 14:15:25.653,0.77825,0.77857,1.35,1.35
2013.01.09 14:15:25.826,0.77826,0.77857,1.13,1.35
2013.01.09 14:15:29.913,0.77824,0.77856,1.73,2.10
2013.01.09 14:15:29.975,0.77824,0.77855,2.10,1.35
2013.01.09 14:15:30.578,0.77823,0.77853,1.35,1.73
2013.01.09 14:15:31.623,0.77821,0.77853,1.73,1.73
2013.01.09 14:15:32.275,0.77821,0.77853,1.73,1.73
2013.01.09 14:15:32.400,0.77821,0.77853,1.73,1.73
2013.01.09 14:15:32.954,0.77821,0.77853,1.73,1.73
2013.01.09 14:15:33.592,0.77821,0.77853,1.73,1.73
2013.01.09 14:15:34.219,0.77826,0.77856,1.35,1.95
2013.01.09 14:15:36.692,0.77828,0.77857,1.35,1.35
2013.01.09 14:15:37.433,0.77827,0.77857,1.35,1.35
2013.01.09 14:15:39.104,0.77824,0.77856,1.35,1.35
2013.01.09 14:15:39.542,0.77824,0.77853,1.13,1.35
2013.01.09 14:15:39.715,0.77824,0.77853,1.35,1.35
2013.01.09 14:15:39.915,0.77824,0.77853,1.35,1.35
2013.01.09 14:15:40.267,0.77828,0.77855,1.13,1.73
2013.01.09 14:15:40.776,0.77828,0.77856,1.13,1.73
2013.01.09 14:15:41.138,0.77828,0.77855,1.73,1.73
2013.01.09 14:15:41.783,0.77823,0.77853,1.35,1.35
2013.01.09 14:15:42.115,0.77821,0.77853,1.73,1.35
2013.01.09 14:15:42.804,0.77821,0.77853,1.73,1.35
2013.01.09 14:15:43.124,0.77821,0.77853,1.73,1.35
2013.01.09 14:15:43.423,0.77827,0.77859,1.35,1.35
2013.01.09 14:15:43.665,0.7783,0.77862,1.35,2.85
2013.01.09 14:15:44.261,0.77834,0.77862,1.13,1.35
2013.01.09 14:15:44.712,0.77834,0.77865,1.13,3.23
2013.01.09 14:15:45.253,0.77833,0.77863,1.35,1.35
2013.01.09 14:15:46.134,0.77835,0.7787,2.10,1.73
2013.01.09 14:15:46.314,0.77835,0.77867,2.10,1.35
2013.01.09 14:15:47.103,0.77835,0.77866,1.35,1.73
2013.01.09 14:15:47.242,0.77835,0.77867,1.35,1.35
2013.01.09 14:15:49.963,0.77835,0.77869,1.73,2.10
2013.01.09 14:15:50.982,0.77836,0.77869,2.48,1.35
2013.01.09 14:15:52.803,0.77836,0.77869,2.10,2.10
2013.01.09 14:15:53.428,0.77836,0.77869,1.73,2.10
2013.01.09 14:15:55.434,0.77836,0.77869,1.73,1.35
2013.01.09 14:16:02.094,0.77836,0.77868,1.73,1.35
2013.01.09 14:16:02.153,0.77836,0.77868,1.73,1.35
2013.01.09 14:16:02.834,0.77839,0.77872,1.73,1.73
2013.01.09 14:16:03.363,0.77839,0.77872,1.73,1.73
2013.01.09 14:16:04.893,0.7784,0.77871,2.10,1.73
2013.01.09 14:16:09.414,0.7784,0.77871,2.10,1.73
2013.01.09 14:16:10.225,0.77841,0.77874,1.35,1.73
2013.01.09 14:16:10.791,0.77841,0.77874,1.35,1.73
2013.01.09 14:16:10.869,0.77844,0.77875,1.73,1.73
2013.01.09 14:16:12.712,0.77847,0.77877,1.88,2.10
2013.01.09 14:16:12.773,0.77847,0.77877,2.10,2.10
2013.01.09 14:16:15.903,0.77851,0.77883,1.35,1.95
2013.01.09 14:16:16.323,0.77851,0.77883,2.10,1.35
2013.01.09 14:16:16.836,0.77851,0.77884,2.48,1.73
2013.01.09 14:16:17.003,0.77851,0.77884,2.48,1.73
2013.01.09 14:16:17.553,0.77851,0.77884,2.10,1.73
2013.01.09 14:16:18.067,0.77851,0.77884,1.35,1.73
2013.01.09 14:16:18.267,0.77851,0.77882,1.35,1.35
2013.01.09 14:16:18.384,0.77851,0.7788,1.35,1.35
2013.01.09 14:16:19.083,0.77851,0.7788,1.35,1.35
2013.01.09 14:16:20.913,0.77851,0.77881,1.35,1.35
2013.01.09 14:16:21.727,0.77851,0.77882,1.35,1.35
2013.01.09 14:16:28.293,0.77851,0.77882,1.35,1.35
2013.01.09 14:16:28.894,0.77847,0.77876,2.10,1.35
2013.01.09 14:16:30.223,0.77845,0.77874,1.73,1.50
2013.01.09 14:16:30.283,0.77845,0.77874,1.73,1.73
2013.01.09 14:16:32.119,0.77839,0.77871,1.73,1.35
2013.01.09 14:16:32.660,0.77838,0.7787,2.10,1.73
2013.01.09 14:16:33.290,0.7784,0.77871,1.73,1.35
2013.01.09 14:16:33.676,0.77837,0.77868,1.35,1.35
2013.01.09 14:16:34.107,0.77837,0.77868,1.35,1.35
2013.01.09 14:16:34.245,0.77838,0.77868,1.35,1.13
2013.01.09 14:16:34.365,0.77838,0.77868,1.35,1.35
2013.01.09 14:16:34.424,0.77838,0.77868,1.35,1.35
2013.01.09 14:16:35.073,0.77838,0.77868,1.35,1.35
2013.01.09 14:16:35.464,0.77831,0.77861,1.50,1.35
2013.01.09 14:16:35.583,0.77828,0.77858,1.35,1.35
2013.01.09 14:16:35.714,0.77829,0.77858,1.73,1.35
2013.01.09 14:16:36.221,0.77828,0.77859,2.10,1.35
2013.01.09 14:16:36.553,0.77833,0.77861,1.73,1.73
2013.01.09 14:16:37.127,0.77833,0.77862,1.73,1.73
2013.01.09 14:16:37.424,0.77834,0.77862,1.73,1.73
2013.01.09 14:16:37.654,0.77833,0.77862,1.73,1.73
2013.01.09 14:16:38.493,0.77834,0.77863,1.73,1.73
2013.01.09 14:16:38.843,0.77835,0.77866,1.35,1.35
2013.01.09 14:16:39.025,0.77835,0.77867,1.35,1.35
2013.01.09 14:16:39.663,0.77835,0.77867,1.35,2.48
2013.01.09 14:16:39.924,0.7783,0.77861,2.48,1.73
2013.01.09 14:16:40.235,0.77826,0.77861,1.73,1.73
2013.01.09 14:16:41.204,0.77825,0.77857,2.10,1.35
2013.01.09 14:16:41.446,0.77825,0.77859,2.37,2.48
2013.01.09 14:16:44.053,0.77829,0.77859,1.73,1.35
2013.01.09 14:16:46.894,0.77829,0.77861,1.73,1.35
2013.01.09 14:16:47.013,0.77829,0.77859,1.73,1.35
2013.01.09 14:16:47.703,0.7783,0.77859,1.73,1.73
2013.01.09 14:16:47.763,0.77829,0.77857,1.73,1.35
2013.01.09 14:16:47.824,0.77826,0.77857,1.73,1.35
2013.01.09 14:16:47.883,0.77826,0.77854,1.73,1.35
2013.01.09 14:16:48.003,0.77825,0.77853,1.35,1.35
2013.01.09 14:16:48.753,0.77819,0.77852,1.73,1.73
2013.01.09 14:16:48.893,0.77819,0.7785,1.73,1.35
2013.01.09 14:16:50.213,0.77818,0.77851,2.10,1.35
2013.01.09 14:16:51.286,0.77818,0.77851,2.10,1.35
2013.01.09 14:16:51.816,0.77817,0.77846,1.35,1.73
2013.01.09 14:16:52.348,0.77817,0.77846,1.35,1.73
2013.01.09 14:16:54.243,0.77818,0.77847,1.13,1.35
2013.01.09 14:16:55.463,0.77812,0.77843,1.73,1.73
2013.01.09 14:16:55.523,0.77812,0.77846,1.73,2.67
2013.01.09 14:16:55.645,0.77812,0.77846,1.73,2.10
2013.01.09 14:16:56.435,0.77812,0.77846,1.73,2.10
2013.01.09 14:16:58.798,0.77812,0.77844,1.50,2.23
2013.01.09 14:16:59.014,0.77811,0.7784,1.50,1.35
2013.01.09 14:16:59.725,0.77809,0.77845,1.73,1.73
2013.01.09 14:16:59.886,0.77809,0.77845,1.73,1.73
2013.01.09 14:17:00.541,0.77813,0.77845,1.73,1.73
2013.01.09 14:17:00.766,0.77817,0.77849,1.13,1.73
2013.01.09 14:17:01.013,0.77817,0.77847,1.13,1.35
2013.01.09 14:17:01.193,0.77817,0.7785,1.13,1.73
2013.01.09 14:17:01.253,0.77817,0.77849,1.35,1.35
2013.01.09 14:17:02.565,0.77821,0.77849,1.35,1.35
2013.01.09 14:17:02.883,0.77821,0.77851,1.73,1.73
2013.01.09 14:17:02.942,0.77821,0.77851,1.73,1.73
2013.01.09 14:17:03.373,0.7782,0.77853,1.73,1.73
2013.01.09 14:17:04.223,0.77824,0.77855,1.35,1.35
2013.01.09 14:17:04.593,0.77824,0.77854,1.35,1.35
2013.01.09 14:17:04.784,0.77824,0.77857,1.35,2.40
2013.01.09 14:17:04.903,0.77824,0.77857,1.35,2.10
2013.01.09 14:17:04.963,0.77825,0.77857,1.35,2.10
2013.01.09 14:17:05.287,0.77825,0.77861,1.35,2.10
2013.01.09 14:17:05.402,0.77826,0.77861,1.35,1.35
2013.01.09 14:17:05.783,0.77827,0.77861,1.35,1.35
2013.01.09 14:17:06.512,0.77826,0.77861,1.35,1.35
2013.01.09 14:17:06.973,0.77831,0.77864,1.73,1.35
2013.01.09 14:17:07.220,0.77831,0.77863,1.35,1.35
2013.01.09 14:17:07.589,0.77831,0.77863,1.35,1.35
2013.01.09 14:17:07.803,0.77831,0.77863,1.35,1.35
2013.01.09 14:17:09.134,0.77831,0.77864,1.35,1.35
2013.01.09 14:17:10.234,0.77831,0.77866,1.73,1.73
2013.01.09 14:17:10.354,0.77836,0.77866,1.35,1.73
2013.01.09 14:17:10.416,0.77836,0.77866,1.58,1.73
2013.01.09 14:17:10.843,0.77836,0.77869,1.58,1.73
2013.01.09 14:17:10.904,0.77836,0.77869,1.58,1.73
2013.01.09 14:17:10.964,0.77836,0.77869,1.58,1.73
2013.01.09 14:17:11.383,0.77831,0.77869,1.35,1.73
2013.01.09 14:17:11.443,0.77831,0.77866,1.35,1.73
2013.01.09 14:17:11.994,0.77831,0.77862,1.35,1.35
2013.01.09 14:17:12.374,0.77831,0.77866,1.35,1.73
2013.01.09 14:17:12.622,0.77831,0.7787,1.35,2.48
2013.01.09 14:17:12.943,0.77836,0.7787,1.73,1.35
2013.01.09 14:17:13.333,0.77834,0.7787,2.70,2.10
2013.01.09 14:17:13.512,0.77834,0.77865,1.94,1.13
2013.01.09 14:17:13.694,0.77834,0.7787,2.31,1.35
2013.01.09 14:17:13.813,0.77836,0.7787,1.45,1.35
2013.01.09 14:17:14.189,0.77834,0.77869,2.70,1.73
2013.01.09 14:17:14.463,0.77834,0.77868,2.10,1.73
2013.01.09 14:17:14.643,0.77834,0.77865,2.10,1.35
2013.01.09 14:17:14.885,0.77827,0.77857,1.35,1.73
2013.01.09 14:17:15.003,0.77823,0.77857,1.35,2.10
2013.01.09 14:17:15.276,0.77827,0.77857,1.58,1.35
2013.01.09 14:17:15.344,0.77827,0.77862,1.58,1.35
2013.01.09 14:17:15.523,0.77834,0.77868,1.35,1.36
2013.01.09 14:17:15.644,0.77834,0.77869,1.35,1.35
2013.01.09 14:17:15.825,0.77834,0.7787,1.35,1.73
2013.01.09 14:17:16.329,0.77834,0.77871,1.35,1.58
2013.01.09 14:17:16.506,0.77834,0.77871,1.80,1.58
2013.01.09 14:17:16.866,0.7784,0.77873,1.58,1.35
2013.01.09 14:17:17.354,0.7784,0.77873,1.58,1.35
2013.01.09 14:17:18.095,0.77842,0.77878,1.35,2.10
2013.01.09 14:17:18.403,0.77847,0.77878,1.58,1.35
2013.01.09 14:17:18.996,0.77847,0.77881,1.58,1.35
2013.01.09 14:17:19.055,0.77847,0.77881,1.58,1.35
2013.01.09 14:17:19.365,0.77847,0.77879,1.58,1.73
2013.01.09 14:17:19.683,0.77847,0.77879,1.35,1.73
2013.01.09 14:17:19.995,0.77842,0.77876,2.85,1.73
2013.01.09 14:17:20.553,0.77842,0.77873,1.35,1.35
2013.01.09 14:17:20.735,0.77842,0.77874,1.35,1.35
2013.01.09 14:17:20.984,0.77841,0.77871,1.35,1.35
2013.01.09 14:17:21.283,0.7784,0.7787,1.13,1.35
2013.01.09 14:17:21.343,0.77836,0.7787,1.73,1.73
2013.01.09 14:17:21.994,0.77835,0.77866,1.35,1.35
2013.01.09 14:17:22.557,0.77834,0.77862,1.35,1.13
2013.01.09 14:17:23.073,0.77835,0.77863,1.35,1.35
2013.01.09 14:17:23.133,0.77835,0.77865,1.35,1.73
2013.01.09 14:17:23.613,0.77835,0.77863,1.35,1.13
2013.01.09 14:17:24.164,0.77835,0.77865,1.35,1.73
2013.01.09 14:17:24.703,0.77835,0.77865,1.35,1.73
2013.01.09 14:17:25.014,0.77831,0.77855,1.26,1.13
2013.01.09 14:17:25.194,0.77829,0.77857,2.38,1.50
2013.01.09 14:17:25.316,0.77829,0.77857,1.50,1.73
2013.01.09 14:17:25.373,0.77829,0.77857,1.88,1.35
2013.01.09 14:17:25.493,0.77829,0.7786,2.10,1.35
2013.01.09 14:17:26.020,0.77832,0.77861,1.35,1.13
2013.01.09 14:17:26.091,0.77832,0.77862,2.64,1.50
2013.01.09 14:17:26.408,0.77836,0.77864,1.35,1.13
2013.01.09 14:17:26.584,0.77832,0.77864,2.10,1.35
2013.01.09 14:17:27.619,0.77832,0.77864,2.10,1.35
2013.01.09 14:17:28.613,0.77832,0.77866,2.33,1.35
2013.01.09 14:17:28.793,0.77834,0.7787,1.35,1.73
2013.01.09 14:17:29.433,0.77838,0.77871,1.73,1.73
2013.01.09 14:17:29.774,0.77837,0.77867,1.35,1.73
2013.01.09 14:17:30.353,0.77837,0.77867,1.35,1.73
2013.01.09 14:17:30.762,0.77834,0.77865,1.73,1.73
2013.01.09 14:17:31.063,0.7783,0.77862,1.88,2.10
2013.01.09 14:17:31.603,0.77826,0.77858,2.10,2.10
2013.01.09 14:17:31.663,0.77826,0.77853,1.50,1.35
2013.01.09 14:17:31.784,0.77825,0.77856,1.73,1.35
2013.01.09 14:17:32.044,0.77826,0.77856,1.73,1.73
2013.01.09 14:17:32.336,0.77826,0.77859,1.35,2.10
2013.01.09 14:17:32.663,0.77826,0.77856,1.35,1.35
2013.01.09 14:17:32.853,0.77829,0.77859,1.35,1.35
2013.01.09 14:17:33.093,0.77827,0.77857,1.35,1.13
2013.01.09 14:17:33.153,0.77827,0.77857,1.35,1.35
2013.01.09 14:17:33.403,0.77819,0.77853,1.73,1.73
2013.01.09 14:17:33.523,0.77819,0.77853,1.73,1.73
2013.01.09 14:17:33.976,0.77819,0.77853,1.73,1.73
2013.01.09 14:17:34.094,0.77819,0.77853,1.73,1.73
2013.01.09 14:17:34.614,0.77821,0.77853,1.58,1.73
2013.01.09 14:17:34.674,0.77821,0.77853,1.58,1.73
2013.01.09 14:17:35.864,0.77821,0.77852,1.58,1.73
2013.01.09 14:17:36.632,0.77824,0.77851,1.73,1.13
2013.01.09 14:17:38.466,0.77824,0.77851,1.73,1.35
2013.01.09 14:17:39.018,0.77823,0.77851,1.73,1.35
2013.01.09 14:17:39.263,0.77825,0.77856,2.10,1.35
2013.01.09 14:17:42.403,0.77825,0.77857,2.10,1.35
2013.01.09 14:17:42.463,0.77825,0.77857,2.10,1.35
2013.01.09 14:17:42.565,0.77825,0.77857,2.10,1.35
2013.01.09 14:17:44.474,0.77825,0.77857,2.10,1.35
2013.01.09 14:17:44.564,0.77825,0.77857,2.10,1.35
2013.01.09 14:17:45.472,0.77826,0.77858,1.58,1.35
2013.01.09 14:17:46.414,0.77826,0.77858,2.33,1.13
2013.01.09 14:17:46.534,0.7783,0.77861,1.73,1.35
2013.01.09 14:17:47.088,0.7783,0.77861,1.73,1.73
2013.01.09 14:17:47.158,0.77829,0.77859,2.10,1.35
2013.01.09 14:17:47.657,0.77829,0.7786,2.85,1.35
2013.01.09 14:17:47.764,0.7783,0.7786,1.35,1.35
2013.01.09 14:17:48.402,0.7783,0.7786,1.35,1.35
2013.01.09 14:17:49.185,0.7783,0.7786,1.35,1.35
2013.01.09 14:17:49.523,0.7783,0.7786,1.35,1.35
2013.01.09 14:17:50.023,0.77833,0.77863,1.35,1.35
2013.01.09 14:17:50.421,0.77829,0.77862,1.35,1.73
2013.01.09 14:17:50.925,0.77828,0.77862,3.23,2.10
2013.01.09 14:17:51.051,0.77833,0.77862,1.35,2.10
2013.01.09 14:17:51.169,0.77833,0.77862,1.35,2.10
2013.01.09 14:17:51.468,0.77833,0.77862,1.35,1.35
2013.01.09 14:17:53.006,0.77833,0.77861,1.35,1.73
2013.01.09 14:17:53.494,0.77835,0.77865,1.35,1.73
2013.01.09 14:17:53.733,0.77834,0.77866,2.01,1.73
2013.01.09 14:17:54.519,0.77839,0.77867,1.73,1.35
2013.01.09 14:17:54.705,0.77844,0.77876,1.35,1.73
2013.01.09 14:17:55.243,0.77848,0.77877,1.35,1.35
2013.01.09 14:17:55.563,0.77852,0.77881,1.13,2.48
2013.01.09 14:17:56.343,0.77852,0.77881,1.35,2.48
2013.01.09 14:17:56.426,0.77852,0.77881,2.10,1.50
2013.01.09 14:17:56.494,0.77852,0.77885,1.35,2.10
2013.01.09 14:17:56.614,0.77853,0.77885,1.20,2.10
2013.01.09 14:17:56.674,0.77853,0.77885,1.20,2.10
2013.01.09 14:17:57.383,0.77853,0.77884,1.35,1.73
2013.01.09 14:17:57.847,0.77853,0.77882,1.35,1.35
2013.01.09 14:17:58.385,0.77853,0.77882,1.35,1.13
2013.01.09 14:17:59.117,0.77853,0.77882,1.35,1.35
2013.01.09 14:17:59.638,0.7785,0.77881,1.20,1.50
2013.01.09 14:17:59.997,0.7785,0.77881,1.20,1.73
2013.01.09 14:18:00.313,0.77852,0.77884,1.35,1.73
2013.01.09 14:18:00.653,0.77853,0.77885,1.35,1.35
2013.01.09 14:18:00.774,0.77852,0.77884,1.35,2.10
2013.01.09 14:18:00.973,0.77852,0.77884,1.35,2.10
2013.01.09 14:18:01.037,0.77852,0.77884,1.35,2.10
2013.01.09 14:18:01.305,0.77851,0.77883,1.35,1.35
2013.01.09 14:18:02.704,0.77851,0.77883,1.35,1.35
2013.01.09 14:18:03.283,0.77852,0.77883,1.35,1.35
2013.01.09 14:18:03.359,0.77852,0.77883,1.35,1.35
2013.01.09 14:18:03.883,0.77852,0.77882,1.35,1.13
2013.01.09 14:18:04.427,0.77852,0.77884,1.35,2.10
2013.01.09 14:18:05.016,0.77851,0.77885,1.35,2.10
2013.01.09 14:18:05.554,0.77851,0.77885,1.35,2.10
2013.01.09 14:18:06.283,0.77856,0.77887,1.58,1.35
2013.01.09 14:18:06.637,0.77857,0.7789,1.95,1.73
2013.01.09 14:18:07.573,0.77857,0.7789,1.83,1.88
2013.01.09 14:18:08.413,0.7786,0.77893,1.35,1.73
2013.01.09 14:18:08.913,0.7786,0.77894,1.35,1.35
2013.01.09 14:18:08.973,0.7786,0.77894,1.35,1.35
2013.01.09 14:18:09.214,0.77858,0.77891,1.62,1.73
2013.01.09 14:18:10.054,0.77858,0.7789,1.14,1.35
2013.01.09 14:18:10.295,0.77856,0.77888,1.35,1.73
2013.01.09 14:18:10.733,0.77851,0.77885,2.10,1.73
2013.01.09 14:18:10.994,0.77852,0.7788,2.10,1.35
2013.01.09 14:18:11.053,0.77852,0.7788,2.10,1.35
2013.01.09 14:18:11.263,0.7785,0.7788,1.58,1.35
2013.01.09 14:18:11.474,0.7785,0.77881,1.58,1.35
2013.01.09 14:18:12.449,0.77852,0.77885,1.35,1.35
2013.01.09 14:18:13.118,0.77852,0.77885,1.73,1.35
2013.01.09 14:18:13.258,0.77852,0.77885,1.73,1.35
2013.01.09 14:18:13.359,0.77852,0.77885,1.73,1.35
2013.01.09 14:18:14.046,0.77852,0.77884,1.35,1.73
2013.01.09 14:18:14.324,0.77852,0.77884,1.35,1.35
2013.01.09 14:18:14.803,0.77851,0.77884,1.73,1.73
2013.01.09 14:18:15.203,0.7785,0.77881,1.20,1.73
2013.01.09 14:18:15.773,0.7785,0.77881,1.20,1.73
2013.01.09 14:18:15.905,0.7785,0.77881,1.20,1.73
2013.01.09 14:18:16.023,0.7785,0.77879,1.20,1.35
2013.01.09 14:18:16.373,0.7785,0.77883,1.20,1.35
2013.01.09 14:18:16.925,0.7785,0.77885,1.20,1.73
2013.01.09 14:18:17.359,0.7785,0.77884,1.79,1.35
2013.01.09 14:18:17.603,0.7785,0.77882,1.20,1.35
2013.01.09 14:18:17.876,0.7785,0.77882,1.20,2.10
2013.01.09 14:18:18.815,0.7785,0.77879,1.20,1.35
2013.01.09 14:18:19.439,0.77847,0.77879,1.73,1.35
2013.01.09 14:18:20.053,0.77847,0.77881,1.73,1.35
2013.01.09 14:18:20.173,0.77847,0.77881,1.73,1.35
2013.01.09 14:18:20.758,0.77848,0.77881,1.35,1.35
2013.01.09 14:18:21.524,0.77848,0.77881,1.35,1.35
2013.01.09 14:18:21.770,0.77848,0.77879,1.35,1.35
2013.01.09 14:18:22.234,0.77847,0.77876,1.73,1.35
2013.01.09 14:18:22.294,0.77846,0.77876,1.73,1.35
2013.01.09 14:18:22.665,0.77852,0.77884,1.13,2.00
2013.01.09 14:18:22.845,0.77854,0.77885,1.35,2.25
2013.01.09 14:18:23.064,0.77854,0.77885,1.35,1.73
2013.01.09 14:18:23.183,0.77854,0.77885,1.35,1.73
2013.01.09 14:18:23.676,0.77854,0.77886,1.35,1.35
2013.01.09 14:18:24.194,0.77851,0.77884,1.35,1.35
2013.01.09 14:18:24.789,0.77854,0.77887,1.35,1.35
2013.01.09 14:18:24.915,0.77854,0.77887,1.35,1.35
2013.01.09 14:18:25.246,0.77852,0.77884,1.20,1.35
2013.01.09 14:18:25.743,0.77854,0.77884,1.35,1.35
2013.01.09 14:18:25.863,0.77854,0.77886,1.35,1.35
2013.01.09 14:18:26.205,0.77859,0.77888,1.58,1.50
2013.01.09 14:18:26.522,0.77859,0.77888,1.58,1.13
2013.01.09 14:18:26.653,0.77859,0.77892,1.95,1.35
2013.01.09 14:18:26.984,0.7786,0.77895,2.00,1.35
2013.01.09 14:18:27.104,0.77862,0.77895,1.35,1.35
2013.01.09 14:18:27.494,0.77864,0.77895,1.45,1.13
2013.01.09 14:18:27.810,0.77864,0.77895,1.45,1.13
2013.01.09 14:18:28.114,0.77862,0.77895,2.10,1.73
2013.01.09 14:18:28.235,0.77862,0.77894,1.35,1.73
2013.01.09 14:18:28.474,0.77862,0.77896,1.69,2.10
2013.01.09 14:18:28.533,0.77862,0.77896,1.69,1.73
2013.01.09 14:18:28.654,0.77862,0.77895,1.69,1.35
2013.01.09 14:18:28.833,0.77862,0.77894,1.35,1.35
2013.01.09 14:18:29.363,0.77862,0.77892,1.35,1.35
2013.01.09 14:18:29.554,0.77862,0.77888,1.35,1.13
2013.01.09 14:18:29.673,0.77862,0.77888,1.13,1.35
2013.01.09 14:18:30.223,0.77859,0.77892,1.95,1.73
2013.01.09 14:18:30.683,0.77859,0.77891,1.20,1.73
2013.01.09 14:18:31.657,0.77853,0.77887,2.10,1.35
2013.01.09 14:18:31.774,0.77852,0.77885,1.35,1.73
2013.01.09 14:18:32.014,0.77851,0.7788,1.20,1.73
2013.01.09 14:18:32.456,0.77845,0.77879,1.73,1.73
2013.01.09 14:18:32.574,0.77845,0.77877,1.35,1.35
2013.01.09 14:18:32.693,0.77845,0.77877,1.35,1.35
2013.01.09 14:18:33.134,0.77844,0.77876,1.95,1.35
2013.01.09 14:18:33.496,0.77844,0.77877,2.25,2.10
2013.01.09 14:18:34.792,0.77844,0.77877,1.95,2.10
2013.01.09 14:18:35.913,0.77842,0.77876,2.10,1.35
2013.01.09 14:18:35.972,0.77842,0.77876,2.40,1.35
2013.01.09 14:18:36.042,0.77842,0.77876,2.40,1.35
2013.01.09 14:18:36.223,0.77842,0.77872,1.73,1.35
2013.01.09 14:18:36.343,0.77839,0.7787,1.20,1.35
2013.01.09 14:18:36.404,0.77839,0.7787,1.50,1.13
2013.01.09 14:18:36.582,0.77843,0.77875,2.02,1.88
2013.01.09 14:18:37.033,0.77846,0.77877,1.65,1.13
2013.01.09 14:18:37.563,0.77845,0.77876,1.20,2.10
2013.01.09 14:18:38.444,0.77842,0.77876,2.48,1.35
2013.01.09 14:18:38.904,0.77843,0.77876,2.48,1.35
2013.01.09 14:18:40.243,0.77843,0.77876,2.48,1.35
2013.01.09 14:18:40.673,0.77843,0.77872,1.73,1.50
2013.01.09 14:18:40.733,0.77843,0.77872,1.73,1.73
2013.01.09 14:18:43.364,0.77839,0.77872,1.58,1.35
2013.01.09 14:18:43.897,0.77839,0.77874,1.58,1.35
2013.01.09 14:18:44.683,0.77839,0.77874,1.58,1.35
2013.01.09 14:18:46.367,0.77839,0.77871,1.58,1.35
2013.01.09 14:18:47.043,0.77839,0.77874,2.16,2.25
2013.01.09 14:18:47.353,0.77839,0.7787,1.58,1.13
2013.01.09 14:18:47.593,0.7784,0.77875,1.50,2.48
2013.01.09 14:18:47.915,0.77844,0.77877,1.73,1.73
2013.01.09 14:18:47.973,0.77845,0.77877,1.23,1.50
2013.01.09 14:18:48.362,0.77845,0.77877,1.23,1.50
2013.01.09 14:18:48.423,0.77845,0.77877,1.23,1.50
2013.01.09 14:18:49.023,0.77844,0.77877,2.33,1.73
2013.01.09 14:18:49.334,0.77845,0.77875,1.73,1.13
2013.01.09 14:18:49.854,0.77845,0.77873,1.73,1.50
2013.01.09 14:18:50.508,0.77845,0.77873,1.73,1.50
2013.01.09 14:18:51.215,0.77845,0.77873,1.73,1.50
2013.01.09 14:18:54.318,0.77844,0.77876,1.73,1.35
2013.01.09 14:18:54.977,0.77843,0.77873,1.58,1.35
2013.01.09 14:18:55.754,0.77839,0.77873,1.35,2.10
2013.01.09 14:18:56.783,0.77839,0.77868,1.35,2.40
2013.01.09 14:18:57.293,0.77839,0.77868,1.35,2.63
2013.01.09 14:18:57.354,0.77839,0.77873,1.35,2.10
2013.01.09 14:18:57.748,0.7784,0.7787,1.35,1.35
2013.01.09 14:18:57.993,0.7784,0.7787,1.35,1.13
2013.01.09 14:18:58.485,0.7784,0.77872,1.35,1.35
2013.01.09 14:18:58.591,0.7784,0.77872,1.35,1.35
2013.01.09 14:18:59.247,0.77839,0.77872,1.35,1.35
2013.01.09 14:18:59.423,0.7784,0.77875,1.35,1.73
2013.01.09 14:18:59.914,0.77842,0.77875,1.34,1.50
2013.01.09 14:19:01.879,0.7784,0.77875,1.80,1.73
2013.01.09 14:19:02.183,0.7784,0.77874,1.80,1.50
2013.01.09 14:19:04.657,0.77839,0.77871,1.69,1.88
2013.01.09 14:19:05.194,0.77841,0.77874,1.29,1.35
2013.01.09 14:19:06.920,0.7784,0.77874,1.35,1.35
2013.01.09 14:19:07.433,0.77843,0.77875,1.23,1.13
2013.01.09 14:19:07.493,0.77837,0.77874,1.58,1.35
2013.01.09 14:19:07.743,0.7784,0.77874,1.76,1.88
2013.01.09 14:19:08.664,0.77844,0.77876,1.38,1.35
2013.01.09 14:19:09.095,0.77842,0.77877,1.50,1.35
2013.01.09 14:19:09.285,0.7784,0.77875,1.35,1.35
2013.01.09 14:19:09.735,0.77842,0.77876,1.27,1.35
2013.01.09 14:19:10.112,0.77844,0.77877,1.73,2.10
2013.01.09 14:19:13.269,0.77843,0.77877,1.35,1.73
2013.01.09 14:19:13.379,0.77843,0.77877,1.58,1.73
2013.01.09 14:19:13.485,0.77843,0.77877,1.35,1.73
2013.01.09 14:19:14.712,0.77843,0.77877,1.35,1.73
2013.01.09 14:19:14.844,0.77843,0.77877,1.35,1.73
2013.01.09 14:19:18.239,0.77843,0.77877,1.35,2.48
2013.01.09 14:19:18.422,0.77843,0.77875,1.35,1.35
2013.01.09 14:19:19.773,0.77845,0.77877,1.73,1.35
2013.01.09 14:19:19.833,0.77845,0.77877,1.73,1.35
2013.01.09 14:19:20.285,0.77847,0.77877,1.45,1.13
2013.01.09 14:19:21.154,0.77847,0.77877,1.45,1.13
2013.01.09 14:19:21.214,0.77845,0.77877,1.35,1.35
2013.01.09 14:19:21.743,0.77845,0.77877,1.62,1.13
2013.01.09 14:19:22.695,0.77845,0.77877,1.62,1.13
2013.01.09 14:19:23.345,0.77849,0.77879,1.34,1.13
2013.01.09 14:19:23.563,0.77853,0.77884,1.35,1.73
2013.01.09 14:19:23.684,0.77853,0.77884,1.65,1.50
2013.01.09 14:19:24.399,0.77854,0.77885,1.56,1.13
2013.01.09 14:19:24.584,0.77854,0.77885,1.56,1.13
2013.01.09 14:19:24.703,0.77854,0.77885,1.56,1.13
2013.01.09 14:19:24.763,0.77853,0.77885,1.35,1.35
2013.01.09 14:19:25.004,0.77849,0.77878,1.35,1.13
2013.01.09 14:19:25.125,0.77856,0.77878,1.13,1.35
2013.01.09 14:19:25.183,0.77846,0.77878,1.35,1.73
2013.01.09 14:19:25.763,0.77846,0.77878,1.35,1.35
2013.01.09 14:19:27.983,0.77846,0.77878,1.35,1.35
2013.01.09 14:19:29.190,0.77846,0.77878,1.35,1.35
2013.01.09 14:19:29.374,0.77846,0.77878,1.35,1.35
2013.01.09 14:19:29.583,0.77846,0.77878,1.35,1.35
2013.01.09 14:19:29.894,0.77846,0.77875,1.35,1.73
2013.01.09 14:19:31.353,0.77843,0.77874,1.35,1.35
2013.01.09 14:19:31.723,0.77838,0.77871,1.56,1.35
2013.01.09 14:19:31.783,0.77837,0.77871,1.35,1.35
2013.01.09 14:19:32.694,0.77837,0.77871,1.35,1.35
2013.01.09 14:19:33.215,0.77837,0.77871,1.35,1.35
2013.01.09 14:19:34.047,0.77837,0.77871,1.35,1.73
2013.01.09 14:19:34.754,0.77837,0.77869,1.35,1.35
2013.01.09 14:19:36.083,0.77837,0.77869,1.35,1.35
2013.01.09 14:19:36.172,0.77837,0.77869,1.35,1.35
2013.01.09 14:19:36.384,0.77837,0.77869,1.35,1.35
2013.01.09 14:19:41.363,0.77837,0.77869,1.35,1.35
2013.01.09 14:19:41.423,0.77837,0.77869,1.35,1.35
2013.01.09 14:19:49.073,0.77836,0.77869,1.58,2.10
2013.01.09 14:19:49.805,0.77836,0.77869,1.58,2.10
2013.01.09 14:19:50.344,0.77836,0.77869,1.58,2.10
2013.01.09 14:19:50.464,0.77836,0.77867,1.58,1.73
2013.01.09 14:19:50.552,0.77836,0.77867,1.58,1.73
2013.01.09 14:19:51.100,0.77836,0.77867,1.58,1.73
2013.01.09 14:19:51.734,0.77836,0.77867,1.58,1.73
2013.01.09 14:19:54.471,0.77836,0.77868,1.58,1.73
2013.01.09 14:19:56.047,0.77836,0.77869,1.58,1.35
2013.01.09 14:19:56.969,0.77836,0.77869,1.58,1.35
2013.01.09 14:19:57.311,0.77836,0.77869,1.58,1.35
2013.01.09 14:19:58.988,0.77836,0.77867,1.58,1.73
2013.01.09 14:19:59.624,0.77836,0.77867,1.58,1.73
2013.01.09 14:20:00.288,0.77836,0.77867,1.58,1.73
2013.01.09 14:20:00.413,0.77836,0.77868,1.58,1.73
2013.01.09 14:20:00.653,0.77837,0.77869,1.52,1.13
2013.01.09 14:20:00.953,0.77842,0.77874,1.35,1.73
2013.01.09 14:20:01.350,0.77843,0.77875,1.35,1.35
2013.01.09 14:20:01.416,0.77843,0.77875,1.35,1.35
2013.01.09 14:20:01.486,0.77843,0.77875,1.35,1.35
2013.01.09 14:20:02.454,0.77843,0.77875,1.95,1.35
2013.01.09 14:20:03.358,0.77843,0.77875,1.95,1.73
2013.01.09 14:20:04.530,0.77843,0.77875,1.95,1.73
2013.01.09 14:20:06.948,0.77843,0.77875,1.95,1.73
2013.01.09 14:20:07.733,0.77843,0.77875,1.95,1.35
2013.01.09 14:20:08.261,0.77843,0.77875,1.95,1.73
2013.01.09 14:20:11.753,0.77842,0.77871,1.35,1.35
2013.01.09 14:20:11.993,0.77842,0.77871,1.35,1.35
2013.01.09 14:20:13.399,0.77842,0.77871,1.35,1.35
2013.01.09 14:20:13.584,0.77843,0.77875,1.35,1.35
2013.01.09 14:20:14.276,0.77844,0.77875,1.56,1.13
2013.01.09 14:20:14.463,0.77849,0.7788,1.35,2.10
2013.01.09 14:20:14.975,0.7785,0.77881,1.20,1.73
2013.01.09 14:20:15.541,0.77852,0.77882,1.35,1.35
2013.01.09 14:20:15.884,0.77852,0.77885,1.35,1.35
2013.01.09 14:20:16.820,0.77852,0.77885,1.35,1.35
2013.01.09 14:20:17.174,0.77852,0.77885,1.35,1.35
2013.01.09 14:20:17.483,0.77856,0.7789,1.67,1.88
2013.01.09 14:20:17.543,0.77856,0.7789,1.35,2.10
2013.01.09 14:20:17.844,0.7786,0.7789,1.35,1.35
2013.01.09 14:20:18.023,0.7786,0.7789,1.35,1.13
2013.01.09 14:20:18.084,0.77861,0.77891,1.23,1.13
2013.01.09 14:20:18.301,0.7786,0.77891,1.35,1.35
2013.01.09 14:20:18.364,0.7786,0.77891,1.35,1.35
2013.01.09 14:20:18.512,0.7786,0.77891,1.74,1.13
2013.01.09 14:20:19.083,0.7786,0.77894,1.35,1.35
2013.01.09 14:20:21.694,0.7786,0.77894,1.35,1.35
2013.01.09 14:20:21.933,0.77863,0.77894,1.47,1.13
2013.01.09 14:20:22.127,0.77861,0.77894,1.63,1.13
2013.01.09 14:20:22.251,0.77865,0.77894,1.25,1.13
2013.01.09 14:20:22.957,0.77867,0.77897,1.35,1.13
2013.01.09 14:20:23.029,0.77873,0.77902,1.47,1.13
2013.01.09 14:20:23.094,0.7787,0.77902,1.63,1.13
2013.01.09 14:20:23.729,0.77871,0.77902,1.27,1.13
2013.01.09 14:20:24.163,0.77869,0.77902,1.58,1.35
2013.01.09 14:20:24.325,0.77869,0.77902,1.58,1.35
2013.01.09 14:20:24.974,0.7787,0.779,1.41,1.13
2013.01.09 14:20:26.160,0.77871,0.77902,1.58,1.50
2013.01.09 14:20:26.774,0.7787,0.779,1.34,1.13
2013.01.09 14:20:26.854,0.77868,0.779,1.98,1.35
2013.01.09 14:20:26.965,0.77868,0.779,1.35,1.35
2013.01.09 14:20:27.754,0.77868,0.77901,1.62,1.35
2013.01.09 14:20:27.920,0.77868,0.77901,1.35,1.35
2013.01.09 14:20:30.551,0.77868,0.77898,1.35,1.13
2013.01.09 14:20:30.873,0.77867,0.77896,1.35,1.35
2013.01.09 14:20:31.083,0.77867,0.77897,1.35,4.73
2013.01.09 14:20:31.213,0.77867,0.77896,1.35,1.35
2013.01.09 14:20:31.817,0.77866,0.77898,1.35,1.35
2013.01.09 14:20:33.883,0.77867,0.77895,1.35,1.35
2013.01.09 14:20:34.418,0.77864,0.77893,2.10,1.35
2013.01.09 14:20:34.995,0.77864,0.77893,2.10,1.35
2013.01.09 14:20:35.533,0.77863,0.77896,2.48,1.73
2013.01.09 14:20:37.383,0.77864,0.77895,2.10,5.48
2013.01.09 14:20:37.975,0.7786,0.77891,1.95,1.13
2013.01.09 14:20:38.370,0.7786,0.77891,1.95,1.13
2013.01.09 14:20:38.433,0.7786,0.77891,1.95,1.35
2013.01.09 14:20:38.978,0.7786,0.77892,1.95,2.10
2013.01.09 14:20:39.613,0.7786,0.77891,1.58,1.13
2013.01.09 14:20:39.733,0.77855,0.77893,1.73,1.35
2013.01.09 14:20:39.964,0.77857,0.77891,1.73,1.35
2013.01.09 14:20:40.023,0.77861,0.77891,1.35,1.35
2013.01.09 14:20:40.384,0.7786,0.77892,1.35,1.73
2013.01.09 14:20:40.664,0.77859,0.77892,1.73,1.13
2013.01.09 14:20:41.433,0.77859,0.77891,1.35,1.35
2013.01.09 14:20:41.505,0.77859,0.77891,1.35,1.35
2013.01.09 14:20:41.933,0.77859,0.77891,1.35,1.35
2013.01.09 14:20:42.876,0.77859,0.77888,2.10,1.13
2013.01.09 14:20:43.434,0.77861,0.77892,1.35,1.35
2013.01.09 14:20:43.694,0.77861,0.77895,1.35,1.73
2013.01.09 14:20:43.754,0.77862,0.77895,1.50,1.73
2013.01.09 14:20:44.408,0.77862,0.77895,1.47,1.50
2013.01.09 14:20:45.154,0.77861,0.77895,2.49,1.50
2013.01.09 14:20:45.673,0.77861,0.77895,1.95,1.73
2013.01.09 14:20:45.995,0.77862,0.77895,1.56,1.73
2013.01.09 14:20:51.284,0.77862,0.77895,1.38,1.13
2013.01.09 14:20:52.163,0.77862,0.77895,1.38,1.13
2013.01.09 14:20:53.206,0.77866,0.77895,1.58,1.35
2013.01.09 14:20:55.077,0.77866,0.77897,1.35,1.35
2013.01.09 14:20:55.474,0.77866,0.77897,1.35,1.35
2013.01.09 14:20:55.533,0.77866,0.77897,1.83,1.13
2013.01.09 14:20:55.935,0.77866,0.77898,1.35,1.13
2013.01.09 14:20:56.702,0.77869,0.77898,1.50,1.13
2013.01.09 14:20:57.054,0.7787,0.77898,1.14,1.13
2013.01.09 14:20:57.713,0.77869,0.77898,3.65,1.13
2013.01.09 14:20:58.375,0.77869,0.77898,1.58,1.13
2013.01.09 14:20:58.805,0.77868,0.77898,1.19,1.13
2013.01.09 14:20:58.866,0.77866,0.77898,1.35,1.35
2013.01.09 14:20:59.044,0.77866,0.77898,1.35,1.73
2013.01.09 14:20:59.219,0.77866,0.77898,1.35,1.73
2013.01.09 14:21:00.525,0.77866,0.77898,1.35,1.73
2013.01.09 14:21:00.867,0.77865,0.77897,1.35,1.35
2013.01.09 14:21:01.373,0.77862,0.77895,1.75,1.35
2013.01.09 14:21:02.054,0.77862,0.77895,1.75,1.35
2013.01.09 14:21:02.174,0.77863,0.77894,1.35,1.73
2013.01.09 14:21:04.587,0.77865,0.77897,1.35,1.35
2013.01.09 14:21:07.504,0.77865,0.77898,1.35,2.10
2013.01.09 14:21:08.824,0.77866,0.77898,1.35,2.10
2013.01.09 14:21:10.544,0.77864,0.77894,1.20,1.35
2013.01.09 14:21:13.723,0.77861,0.77891,1.35,1.13
2013.01.09 14:21:14.105,0.77858,0.7789,1.73,1.35
2013.01.09 14:21:14.465,0.77854,0.77888,1.78,1.35
2013.01.09 14:21:15.036,0.77854,0.77887,1.35,2.85
2013.01.09 14:21:16.114,0.77854,0.77885,1.35,1.73
2013.01.09 14:21:17.119,0.77854,0.77885,1.35,1.73
2013.01.09 14:21:17.645,0.77854,0.77885,1.73,1.35
2013.01.09 14:21:17.706,0.77855,0.77885,1.61,1.13
2013.01.09 14:21:17.885,0.77855,0.77888,2.36,1.50
2013.01.09 14:21:18.135,0.77855,0.77888,1.73,1.73
2013.01.09 14:21:18.254,0.77854,0.77888,1.35,1.73
2013.01.09 14:21:18.335,0.77854,0.77888,1.35,1.73
2013.01.09 14:21:18.945,0.77854,0.77887,1.35,2.48
2013.01.09 14:21:19.496,0.77854,0.77887,1.35,1.35
2013.01.09 14:21:19.823,0.77854,0.77888,1.35,1.73
2013.01.09 14:21:22.278,0.77854,0.77888,1.35,1.73
2013.01.09 14:21:22.398,0.77857,0.77888,1.52,1.50
2013.01.09 14:21:22.644,0.77857,0.77888,1.52,1.13
2013.01.09 14:21:22.704,0.77857,0.77888,1.52,1.13
2013.01.09 14:21:22.763,0.77855,0.77888,1.73,1.35
2013.01.09 14:21:23.134,0.77854,0.77888,1.35,1.73
2013.01.09 14:21:23.195,0.77854,0.77888,1.35,1.73
2013.01.09 14:21:23.724,0.77854,0.77885,1.35,1.35
2013.01.09 14:21:24.856,0.77854,0.77888,1.35,2.10
2013.01.09 14:21:24.971,0.77854,0.77888,1.35,2.10
2013.01.09 14:21:26.674,0.77854,0.77888,1.35,2.85
2013.01.09 14:21:26.734,0.77854,0.77888,1.35,1.35
2013.01.09 14:21:27.383,0.77854,0.77888,1.35,2.10
2013.01.09 14:21:28.344,0.77854,0.77888,1.35,1.35
2013.01.09 14:21:28.655,0.77858,0.77888,1.58,1.35
2013.01.09 14:21:29.074,0.77858,0.77888,1.58,1.35
2013.01.09 14:21:32.804,0.77858,0.7789,1.95,1.73
2013.01.09 14:21:33.544,0.77858,0.7789,1.95,1.73
2013.01.09 14:21:34.824,0.77859,0.7789,1.35,1.73
2013.01.09 14:21:35.333,0.77859,0.7789,1.35,1.35
2013.01.09 14:21:36.961,0.77859,0.7789,1.35,1.35
2013.01.09 14:21:38.275,0.77859,0.7789,1.35,1.73
2013.01.09 14:21:41.464,0.77858,0.7789,1.95,1.73
2013.01.09 14:21:43.089,0.77858,0.7789,1.95,1.73
2013.01.09 14:21:43.754,0.77858,0.7789,1.95,1.73
2013.01.09 14:21:44.214,0.77859,0.7789,1.54,1.50
2013.01.09 14:21:44.274,0.7786,0.77892,1.73,1.35
2013.01.09 14:21:44.983,0.7786,0.77892,1.73,1.35
2013.01.09 14:21:45.103,0.77859,0.7789,2.10,1.35
2013.01.09 14:21:45.223,0.77859,0.77891,2.67,1.13
2013.01.09 14:21:45.796,0.77859,0.7789,1.54,1.13
2013.01.09 14:21:45.855,0.77858,0.7789,2.33,1.35
2013.01.09 14:21:45.914,0.77858,0.7789,2.33,1.35
2013.01.09 14:21:46.153,0.77859,0.77893,1.35,1.73
2013.01.09 14:21:46.694,0.77859,0.77893,1.35,1.35
2013.01.09 14:21:46.884,0.77859,0.77891,1.35,1.73
2013.01.09 14:21:47.124,0.77851,0.77883,1.35,1.35
2013.01.09 14:21:47.643,0.77851,0.77883,1.35,1.35
