2018.05.30 16:00:00.078,0.69171,0.69189,1.00,1.10
2018.05.30 16:00:00.316,0.69173,0.69189,1.00,1.00
2018.05.30 16:00:00.655,0.69172,0.69187,1.00,1.00
2018.05.30 16:00:00.757,0.69171,0.69189,1.00,1.00
2018.05.30 16:00:01.434,0.69172,0.69188,1.00,1.00
2018.05.30 16:00:01.536,0.6917,0.69188,1.00,1.00
2018.05.30 16:00:02.042,0.69171,0.69187,1.00,1.00
2018.05.30 16:00:02.144,0.69168,0.69187,1.87,1.00
2018.05.30 16:00:02.567,0.69168,0.69184,1.12,1.00
2018.05.30 16:00:02.721,0.69168,0.69186,1.12,1.00
2018.05.30 16:00:03.041,0.69165,0.69183,1.00,1.12
2018.05.30 16:00:03.347,0.69165,0.69181,1.00,1.00
2018.05.30 16:00:03.493,0.69167,0.69184,1.00,1.10
2018.05.30 16:00:03.544,0.69164,0.6918,1.50,1.00
2018.05.30 16:00:03.595,0.69164,0.69182,1.50,1.00
2018.05.30 16:00:04.067,0.69164,0.6918,1.00,1.00
2018.05.30 16:00:04.865,0.69166,0.69182,1.00,1.00
2018.05.30 16:00:04.916,0.69168,0.69186,1.00,2.62
2018.05.30 16:00:05.018,0.69167,0.69185,1.00,1.37
2018.05.30 16:00:05.532,0.69167,0.69185,1.00,1.00
2018.05.30 16:00:06.383,0.69168,0.69186,1.00,1.12
2018.05.30 16:00:06.896,0.69169,0.69187,1.00,1.00
2018.05.30 16:00:07.399,0.69169,0.69188,1.00,1.00
2018.05.30 16:00:07.762,0.6917,0.69186,1.00,1.00
2018.05.30 16:00:07.864,0.69168,0.69186,1.10,1.12
2018.05.30 16:00:07.915,0.69168,0.69184,1.10,1.00
2018.05.30 16:00:08.242,0.69166,0.69184,1.50,1.00
2018.05.30 16:00:08.344,0.69169,0.69184,1.00,1.00
2018.05.30 16:00:08.967,0.69167,0.69185,1.57,1.00
2018.05.30 16:00:09.276,0.69166,0.69184,1.57,1.00
2018.05.30 16:00:10.599,0.69166,0.69182,1.00,1.00
2018.05.30 16:00:10.701,0.69165,0.69184,1.12,1.50
2018.05.30 16:00:12.674,0.69165,0.69183,1.10,1.00
2018.05.30 16:00:13.162,0.69163,0.69182,1.10,1.00
2018.05.30 16:00:13.714,0.69164,0.69182,1.00,1.00
2018.05.30 16:00:13.920,0.69164,0.6918,1.00,1.00
2018.05.30 16:00:14.465,0.69163,0.69181,1.00,1.00
2018.05.30 16:00:15.001,0.69162,0.6918,1.10,1.00
2018.05.30 16:00:15.697,0.69163,0.6918,1.00,1.00
2018.05.30 16:00:15.749,0.69161,0.6918,1.10,1.00
2018.05.30 16:00:16.263,0.69162,0.69181,1.12,1.00
2018.05.30 16:00:17.908,0.69161,0.69179,1.12,1.00
2018.05.30 16:00:18.820,0.69163,0.69179,1.00,1.00
2018.05.30 16:00:19.369,0.69164,0.6918,1.00,1.00
2018.05.30 16:00:19.766,0.69162,0.69178,1.00,1.00
2018.05.30 16:00:20.891,0.69163,0.69181,1.00,1.57
2018.05.30 16:00:22.020,0.69162,0.69181,1.12,1.00
2018.05.30 16:00:22.517,0.69164,0.6918,1.00,1.00
2018.05.30 16:00:23.063,0.69163,0.69181,1.12,1.00
2018.05.30 16:00:23.597,0.69164,0.69182,1.12,1.00
2018.05.30 16:00:24.949,0.69163,0.69181,1.50,1.00
2018.05.30 16:00:25.461,0.69164,0.69182,1.00,1.00
2018.05.30 16:00:27.413,0.69164,0.69181,1.00,1.00
2018.05.30 16:00:27.921,0.69163,0.69181,1.00,1.50
2018.05.30 16:00:29.714,0.69163,0.69182,1.10,1.00
2018.05.30 16:00:30.238,0.69166,0.69182,1.00,1.00
2018.05.30 16:00:31.127,0.69165,0.69183,1.00,1.50
2018.05.30 16:00:31.763,0.69166,0.69182,1.00,1.00
2018.05.30 16:00:31.868,0.69167,0.69185,1.10,2.25
2018.05.30 16:00:31.922,0.69169,0.69185,1.00,1.00
2018.05.30 16:00:32.565,0.69169,0.69187,1.00,2.25
2018.05.30 16:00:32.617,0.69171,0.69187,1.00,1.50
2018.05.30 16:00:32.906,0.69168,0.69185,1.00,1.00
2018.05.30 16:00:34.239,0.69167,0.69186,1.00,1.50
2018.05.30 16:00:34.556,0.69164,0.69182,1.00,1.00
2018.05.30 16:00:35.490,0.69165,0.69182,1.00,1.00
2018.05.30 16:00:35.541,0.69166,0.69184,1.00,2.25
2018.05.30 16:00:35.694,0.69164,0.69183,1.10,1.00
2018.05.30 16:00:36.212,0.69164,0.69182,1.00,1.50
2018.05.30 16:00:37.739,0.69163,0.69181,1.00,1.12
2018.05.30 16:00:38.090,0.6916,0.69179,1.07,1.00
2018.05.30 16:00:38.652,0.6916,0.69178,1.00,1.00
2018.05.30 16:00:38.981,0.69163,0.69181,1.00,1.50
2018.05.30 16:00:39.560,0.69164,0.69182,1.00,1.50
2018.05.30 16:00:40.106,0.69166,0.69183,1.00,1.00
2018.05.30 16:00:40.209,0.69163,0.69182,1.10,1.00
2018.05.30 16:00:41.792,0.69164,0.69182,1.00,1.00
2018.05.30 16:00:42.682,0.69163,0.69182,1.00,1.00
2018.05.30 16:00:43.182,0.69162,0.6918,1.00,1.00
2018.05.30 16:00:43.454,0.69163,0.69182,1.00,2.32
2018.05.30 16:00:43.993,0.69162,0.69181,1.12,1.00
2018.05.30 16:00:44.513,0.69162,0.69181,1.20,1.00
2018.05.30 16:00:45.061,0.69163,0.69182,1.10,1.50
2018.05.30 16:00:45.592,0.69163,0.69181,1.10,1.00
2018.05.30 16:00:46.152,0.69163,0.69182,1.10,1.00
2018.05.30 16:00:47.369,0.69163,0.69181,1.10,1.00
2018.05.30 16:00:47.619,0.69166,0.69182,1.00,2.25
2018.05.30 16:00:47.671,0.69164,0.69182,1.00,1.50
2018.05.30 16:00:47.773,0.69167,0.69183,1.00,1.50
2018.05.30 16:00:47.953,0.69165,0.69183,1.00,1.50
2018.05.30 16:00:48.314,0.69164,0.6918,1.00,1.00
2018.05.30 16:00:48.821,0.69165,0.69181,1.00,1.00
2018.05.30 16:00:48.973,0.69167,0.69185,1.00,1.00
2018.05.30 16:00:49.495,0.69168,0.69186,1.00,2.25
2018.05.30 16:00:49.546,0.69167,0.69183,1.10,1.00
2018.05.30 16:00:49.597,0.69168,0.69186,1.00,1.50
2018.05.30 16:00:49.648,0.6917,0.69186,1.00,1.50
2018.05.30 16:00:50.277,0.6917,0.69187,1.00,1.12
2018.05.30 16:00:50.430,0.69168,0.69186,1.00,1.00
2018.05.30 16:00:51.113,0.69169,0.69187,1.00,1.12
2018.05.30 16:00:51.622,0.69167,0.69186,1.00,1.00
2018.05.30 16:00:51.724,0.69169,0.69187,1.00,2.62
2018.05.30 16:00:53.150,0.69171,0.69187,1.00,1.00
2018.05.30 16:00:53.253,0.69172,0.6919,1.00,1.00
2018.05.30 16:00:53.996,0.69171,0.6919,1.50,1.50
2018.05.30 16:00:54.747,0.69172,0.69191,1.00,1.50
2018.05.30 16:00:54.799,0.69174,0.6919,1.00,1.00
2018.05.30 16:00:54.853,0.69171,0.6919,1.57,1.50
2018.05.30 16:00:55.269,0.69171,0.69187,1.00,1.00
2018.05.30 16:00:55.576,0.69172,0.69189,1.00,1.00
2018.05.30 16:00:55.683,0.6917,0.69188,1.00,1.00
2018.05.30 16:00:56.670,0.6917,0.69189,1.00,1.87
2018.05.30 16:00:56.924,0.6917,0.69186,1.00,1.00
2018.05.30 16:00:57.178,0.69167,0.69185,1.50,1.00
2018.05.30 16:00:57.256,0.69168,0.69187,1.00,1.00
2018.05.30 16:00:57.312,0.6917,0.69186,1.00,1.00
2018.05.30 16:00:57.977,0.69168,0.69186,1.50,1.37
2018.05.30 16:00:58.394,0.69168,0.69187,1.00,1.12
2018.05.30 16:00:59.739,0.69169,0.69186,1.00,1.00
2018.05.30 16:00:59.887,0.69167,0.69185,1.57,1.00
2018.05.30 16:00:59.939,0.6917,0.69188,1.00,1.87
2018.05.30 16:01:00.247,0.69166,0.69182,1.07,1.00
2018.05.30 16:01:00.446,0.69163,0.6918,1.07,1.12
2018.05.30 16:01:00.990,0.69164,0.69181,1.10,1.00
2018.05.30 16:01:01.514,0.69165,0.69183,1.00,1.00
2018.05.30 16:01:02.056,0.69168,0.69184,1.00,1.00
2018.05.30 16:01:03.009,0.69165,0.69183,1.07,1.00
2018.05.30 16:01:03.540,0.69166,0.69184,1.10,1.00
2018.05.30 16:01:04.123,0.69166,0.69185,1.07,1.00
2018.05.30 16:01:04.637,0.69169,0.69185,1.00,1.00
2018.05.30 16:01:06.345,0.69167,0.69185,1.07,1.00
2018.05.30 16:01:06.913,0.69168,0.69186,1.00,1.50
2018.05.30 16:01:07.260,0.69169,0.69187,1.07,1.50
2018.05.30 16:01:07.917,0.69169,0.69185,1.00,1.00
2018.05.30 16:01:08.418,0.69167,0.69185,1.07,1.00
2018.05.30 16:01:09.038,0.69166,0.69184,1.07,1.00
2018.05.30 16:01:09.637,0.69167,0.69186,1.00,1.50
2018.05.30 16:01:10.319,0.69171,0.69187,1.00,1.00
2018.05.30 16:01:10.624,0.69173,0.69191,1.00,1.95
2018.05.30 16:01:11.268,0.69172,0.69188,1.00,1.12
2018.05.30 16:01:11.799,0.6917,0.69188,1.00,1.12
2018.05.30 16:01:12.341,0.69168,0.69187,1.00,1.00
2018.05.30 16:01:12.442,0.6917,0.69188,1.00,1.00
2018.05.30 16:01:13.145,0.6917,0.69189,1.00,1.00
2018.05.30 16:01:13.940,0.69172,0.69189,1.00,1.00
2018.05.30 16:01:14.145,0.69173,0.69192,1.00,1.87
2018.05.30 16:01:14.661,0.69174,0.69192,1.00,1.50
2018.05.30 16:01:15.260,0.69173,0.69191,1.00,1.87
2018.05.30 16:01:15.793,0.69172,0.6919,1.00,1.87
2018.05.30 16:01:17.396,0.69175,0.69192,1.00,1.87
2018.05.30 16:01:17.827,0.69173,0.69191,1.00,1.37
2018.05.30 16:01:18.130,0.69175,0.69191,1.00,1.87
2018.05.30 16:01:19.253,0.69174,0.69192,1.00,1.37
2018.05.30 16:01:19.837,0.69175,0.69192,1.00,1.37
2018.05.30 16:01:20.592,0.69174,0.69192,1.00,1.87
2018.05.30 16:01:20.907,0.69177,0.69193,1.00,2.62
2018.05.30 16:01:21.281,0.69175,0.69193,1.00,1.37
2018.05.30 16:01:21.794,0.69174,0.69192,1.00,1.37
2018.05.30 16:01:22.352,0.69175,0.69193,1.00,1.37
2018.05.30 16:01:25.838,0.69175,0.69193,1.00,1.00
2018.05.30 16:01:26.385,0.69176,0.69194,1.00,1.50
2018.05.30 16:01:26.436,0.69176,0.6919,1.00,1.00
2018.05.30 16:01:26.490,0.69171,0.69188,1.00,1.00
2018.05.30 16:01:26.900,0.6917,0.69186,1.00,1.00
2018.05.30 16:01:27.556,0.6917,0.69189,1.10,1.50
2018.05.30 16:01:27.608,0.69173,0.69189,1.00,1.00
2018.05.30 16:01:28.126,0.69171,0.69188,1.00,1.00
2018.05.30 16:01:28.774,0.69169,0.69186,1.07,1.00
2018.05.30 16:01:29.292,0.69169,0.69186,1.00,1.00
2018.05.30 16:01:29.606,0.69171,0.69187,1.00,1.00
2018.05.30 16:01:29.657,0.69172,0.69189,1.00,1.12
2018.05.30 16:01:30.063,0.69171,0.69187,1.00,1.00
2018.05.30 16:01:30.209,0.69171,0.69189,1.00,2.62
2018.05.30 16:01:30.723,0.69171,0.69188,1.00,1.00
2018.05.30 16:01:32.064,0.69171,0.69189,1.00,1.12
2018.05.30 16:01:32.787,0.69172,0.6919,1.00,1.50
2018.05.30 16:01:33.620,0.69171,0.6919,1.00,1.50
2018.05.30 16:01:34.179,0.69172,0.6919,1.00,1.50
2018.05.30 16:01:35.255,0.69172,0.69189,1.00,1.00
2018.05.30 16:01:35.852,0.69173,0.69189,1.00,1.00
2018.05.30 16:01:35.956,0.69171,0.69189,1.10,1.00
2018.05.30 16:01:36.647,0.69174,0.6919,1.00,1.12
2018.05.30 16:01:37.867,0.69172,0.6919,1.10,1.87
2018.05.30 16:01:38.381,0.69173,0.6919,1.00,1.37
2018.05.30 16:01:39.012,0.69172,0.6919,1.00,2.62
2018.05.30 16:01:39.861,0.69173,0.6919,1.00,1.87
2018.05.30 16:01:40.759,0.69173,0.69189,1.00,1.00
2018.05.30 16:01:40.810,0.69169,0.69186,1.10,1.00
2018.05.30 16:01:41.323,0.6917,0.69187,1.00,1.00
2018.05.30 16:01:42.239,0.69168,0.69186,1.10,1.00
2018.05.30 16:01:42.442,0.69168,0.69184,1.00,1.00
2018.05.30 16:01:42.956,0.69167,0.69185,1.00,1.50
2018.05.30 16:01:43.518,0.69168,0.69184,1.00,1.00
2018.05.30 16:01:44.024,0.69168,0.69185,1.00,1.00
2018.05.30 16:01:45.032,0.69167,0.69185,1.00,1.50
2018.05.30 16:01:45.922,0.69168,0.69185,1.00,1.00
2018.05.30 16:01:46.444,0.69168,0.69184,1.00,1.00
2018.05.30 16:01:46.998,0.69168,0.69186,1.00,2.25
2018.05.30 16:01:49.288,0.69169,0.69187,1.00,1.50
2018.05.30 16:01:49.390,0.69171,0.69187,1.00,1.50
2018.05.30 16:01:51.854,0.69167,0.69185,1.00,1.00
2018.05.30 16:01:52.363,0.69166,0.69185,1.10,1.50
2018.05.30 16:01:52.833,0.69168,0.69185,1.00,1.00
2018.05.30 16:01:53.554,0.69168,0.69184,1.00,1.00
2018.05.30 16:01:54.684,0.69168,0.69185,1.10,1.00
2018.05.30 16:01:55.205,0.69169,0.69186,1.00,1.50
2018.05.30 16:01:55.817,0.69166,0.69184,1.10,1.00
2018.05.30 16:01:55.868,0.69166,0.69182,1.00,1.00
2018.05.30 16:01:55.970,0.69164,0.69182,1.00,1.00
2018.05.30 16:01:56.779,0.69164,0.69181,1.00,1.00
2018.05.30 16:01:57.033,0.69161,0.69179,1.07,1.00
2018.05.30 16:01:57.304,0.69159,0.69177,1.10,1.50
2018.05.30 16:01:57.863,0.69159,0.69175,1.00,1.00
2018.05.30 16:01:58.319,0.69157,0.69175,1.00,1.00
2018.05.30 16:01:58.523,0.69159,0.69176,1.00,1.00
2018.05.30 16:01:59.383,0.69157,0.69175,1.00,1.00
2018.05.30 16:02:00.297,0.69158,0.69176,1.00,2.25
2018.05.30 16:02:00.449,0.69155,0.69174,1.20,1.50
2018.05.30 16:02:00.500,0.69156,0.69172,1.00,1.00
2018.05.30 16:02:00.602,0.69156,0.69174,1.00,1.00
2018.05.30 16:02:00.806,0.69159,0.69177,1.00,1.87
2018.05.30 16:02:01.430,0.69161,0.69177,1.00,1.12
2018.05.30 16:02:03.184,0.69159,0.69176,1.00,1.00
2018.05.30 16:02:03.498,0.6916,0.69178,1.00,1.50
2018.05.30 16:02:04.001,0.69159,0.69177,1.00,1.00
2018.05.30 16:02:05.531,0.69159,0.69176,1.00,1.00
2018.05.30 16:02:05.647,0.69157,0.69173,1.10,1.00
2018.05.30 16:02:06.189,0.69157,0.69172,1.00,1.00
2018.05.30 16:02:06.779,0.69156,0.69172,1.00,1.00
2018.05.30 16:02:07.930,0.69155,0.69171,1.00,1.00
2018.05.30 16:02:08.518,0.69154,0.6917,1.00,1.00
2018.05.30 16:02:12.003,0.69154,0.69172,1.00,1.50
2018.05.30 16:02:12.516,0.69155,0.69173,1.10,1.00
2018.05.30 16:02:12.918,0.69157,0.69174,1.00,1.50
2018.05.30 16:02:13.226,0.69159,0.69175,1.00,1.00
2018.05.30 16:02:13.590,0.69157,0.69175,1.00,2.25
2018.05.30 16:02:13.794,0.69157,0.69172,1.00,1.00
2018.05.30 16:02:14.252,0.69154,0.69172,1.00,1.00
2018.05.30 16:02:14.456,0.69156,0.69173,1.00,1.00
2018.05.30 16:02:14.763,0.69159,0.69175,1.00,1.12
2018.05.30 16:02:15.357,0.69159,0.69173,1.00,1.00
2018.05.30 16:02:15.885,0.69158,0.69171,1.00,1.00
2018.05.30 16:02:15.936,0.69155,0.69171,1.10,1.00
2018.05.30 16:02:15.990,0.69154,0.69169,1.10,1.00
2018.05.30 16:02:16.426,0.69152,0.69167,1.00,1.00
2018.05.30 16:02:16.738,0.69151,0.69165,1.00,1.00
2018.05.30 16:02:19.086,0.69152,0.69165,1.00,1.00
2018.05.30 16:02:21.037,0.69152,0.69166,1.00,1.00
2018.05.30 16:02:21.346,0.6915,0.69166,1.00,1.00
2018.05.30 16:02:21.618,0.69147,0.69164,1.00,1.00
2018.05.30 16:02:21.844,0.69149,0.69164,1.10,1.00
2018.05.30 16:02:26.445,0.69149,0.69165,1.00,1.00
2018.05.30 16:02:27.351,0.69149,0.69163,1.00,1.00
2018.05.30 16:02:28.440,0.6915,0.69165,1.00,1.00
2018.05.30 16:02:29.173,0.6915,0.69164,1.00,1.00
2018.05.30 16:02:30.295,0.69149,0.69164,1.00,1.00
2018.05.30 16:02:30.842,0.6915,0.69164,1.00,1.00
2018.05.30 16:02:31.944,0.69149,0.69164,1.00,1.00
2018.05.30 16:02:32.488,0.6915,0.69164,1.00,1.00
2018.05.30 16:02:33.290,0.69148,0.69163,1.00,1.00
2018.05.30 16:02:33.442,0.6915,0.69164,1.00,1.00
2018.05.30 16:02:37.323,0.69148,0.69164,1.00,1.00
2018.05.30 16:02:37.912,0.69147,0.69164,1.00,1.00
2018.05.30 16:02:39.817,0.69148,0.69164,1.00,1.00
2018.05.30 16:02:40.216,0.6915,0.69164,1.00,1.00
2018.05.30 16:02:40.733,0.69149,0.69164,1.00,1.00
2018.05.30 16:02:41.038,0.69149,0.69166,1.10,1.00
2018.05.30 16:02:41.571,0.6915,0.69166,1.00,1.00
2018.05.30 16:02:42.088,0.69149,0.69166,1.00,1.00
2018.05.30 16:02:42.462,0.69147,0.69162,1.00,1.00
2018.05.30 16:02:43.113,0.69148,0.69163,1.00,1.00
2018.05.30 16:02:45.008,0.69148,0.69166,1.00,1.00
2018.05.30 16:02:46.379,0.69149,0.69166,1.00,1.00
2018.05.30 16:02:46.990,0.69149,0.69165,1.00,1.00
2018.05.30 16:02:47.042,0.69147,0.69166,1.10,1.50
2018.05.30 16:02:47.144,0.69149,0.69165,1.00,1.00
2018.05.30 16:02:47.661,0.69148,0.69165,1.00,1.00
2018.05.30 16:02:48.674,0.69148,0.69166,1.00,1.00
2018.05.30 16:02:48.986,0.69146,0.69164,1.10,1.50
2018.05.30 16:02:49.492,0.69145,0.69163,1.00,1.50
2018.05.30 16:02:49.996,0.69144,0.69162,1.07,1.00
2018.05.30 16:02:50.047,0.69145,0.69164,1.10,1.87
2018.05.30 16:02:50.509,0.69147,0.69163,1.00,1.00
2018.05.30 16:02:51.432,0.69145,0.69164,1.07,1.50
2018.05.30 16:02:52.492,0.69145,0.69164,1.00,1.00
2018.05.30 16:02:53.989,0.69145,0.69161,1.00,1.00
2018.05.30 16:02:54.040,0.69145,0.69163,1.00,1.00
2018.05.30 16:02:55.069,0.69144,0.69162,1.10,1.00
2018.05.30 16:02:55.325,0.69144,0.6916,1.00,1.00
2018.05.30 16:02:55.872,0.69145,0.69161,1.00,1.00
2018.05.30 16:02:55.923,0.69145,0.69163,1.00,1.00
2018.05.30 16:02:56.114,0.69147,0.69165,1.00,1.50
2018.05.30 16:02:56.419,0.6915,0.69166,1.00,1.87
2018.05.30 16:02:56.940,0.69149,0.69165,1.00,1.00
2018.05.30 16:02:57.488,0.69149,0.69166,1.00,1.12
2018.05.30 16:02:57.713,0.69146,0.69164,1.00,1.50
2018.05.30 16:02:58.300,0.69145,0.69163,1.00,1.00
2018.05.30 16:02:58.809,0.69146,0.69163,1.10,1.00
2018.05.30 16:02:59.299,0.6915,0.69166,1.00,1.87
2018.05.30 16:02:59.555,0.69148,0.69165,1.00,1.12
2018.05.30 16:03:00.102,0.69147,0.69166,1.00,1.87
2018.05.30 16:03:00.910,0.69149,0.69167,1.00,1.00
2018.05.30 16:03:01.467,0.69148,0.69166,1.00,1.50
2018.05.30 16:03:01.801,0.6915,0.69166,1.00,1.00
2018.05.30 16:03:01.972,0.69148,0.69166,1.00,1.50
2018.05.30 16:03:02.497,0.69147,0.69165,1.10,1.50
2018.05.30 16:03:02.549,0.69149,0.69165,1.00,1.00
2018.05.30 16:03:03.112,0.69148,0.69165,1.00,1.00
2018.05.30 16:03:03.661,0.69147,0.69163,1.00,1.00
2018.05.30 16:03:03.873,0.69146,0.69165,1.00,1.87
2018.05.30 16:03:04.028,0.69143,0.69165,1.07,1.87
2018.05.30 16:03:04.236,0.69146,0.69164,1.00,1.00
2018.05.30 16:03:05.324,0.69146,0.69163,1.00,1.00
2018.05.30 16:03:05.630,0.69143,0.69161,1.07,1.00
2018.05.30 16:03:05.733,0.69142,0.6916,1.00,1.00
2018.05.30 16:03:05.856,0.6914,0.69158,1.57,1.00
2018.05.30 16:03:06.266,0.69143,0.69159,1.00,1.00
2018.05.30 16:03:08.844,0.69141,0.6916,1.00,1.12
2018.05.30 16:03:08.997,0.69141,0.6916,1.10,1.37
2018.05.30 16:03:09.378,0.69143,0.69159,1.00,1.00
2018.05.30 16:03:10.987,0.69142,0.69159,1.00,1.00
2018.05.30 16:03:11.452,0.69138,0.69156,1.00,1.00
2018.05.30 16:03:11.976,0.69139,0.69156,1.00,1.00
2018.05.30 16:03:12.104,0.6914,0.69158,1.00,1.12
2018.05.30 16:03:12.206,0.69142,0.69158,1.00,1.50
2018.05.30 16:03:12.636,0.6914,0.69158,1.10,1.50
2018.05.30 16:03:12.923,0.69139,0.69156,1.10,1.00
2018.05.30 16:03:13.228,0.69141,0.69159,1.00,1.37
2018.05.30 16:03:13.681,0.69143,0.6916,1.00,1.37
2018.05.30 16:03:13.826,0.69143,0.69161,1.00,1.12
2018.05.30 16:03:14.259,0.69145,0.69161,1.00,1.00
2018.05.30 16:03:14.792,0.69144,0.69161,1.00,1.00
2018.05.30 16:03:15.682,0.69142,0.6916,1.07,1.00
2018.05.30 16:03:16.008,0.69139,0.69155,1.00,1.00
2018.05.30 16:03:16.520,0.69136,0.69154,1.00,1.00
2018.05.30 16:03:16.918,0.69138,0.69154,1.00,1.50
2018.05.30 16:03:17.424,0.69136,0.69153,1.20,1.00
2018.05.30 16:03:18.237,0.69136,0.69153,1.10,1.00
2018.05.30 16:03:19.365,0.69135,0.69153,1.10,1.50
2018.05.30 16:03:19.904,0.69135,0.69153,1.20,1.50
2018.05.30 16:03:21.120,0.69135,0.69153,1.10,1.50
2018.05.30 16:03:21.745,0.69136,0.69153,1.10,1.00
2018.05.30 16:03:22.254,0.69137,0.69153,1.00,1.00
2018.05.30 16:03:23.789,0.69135,0.69154,1.10,1.50
2018.05.30 16:03:23.840,0.69135,0.69152,1.10,1.00
2018.05.30 16:03:24.757,0.69137,0.69152,1.00,1.00
2018.05.30 16:03:26.187,0.69135,0.69152,1.00,1.00
2018.05.30 16:03:27.098,0.69134,0.69152,1.00,1.00
2018.05.30 16:03:27.372,0.69136,0.69152,1.00,1.00
2018.05.30 16:03:28.221,0.69134,0.69152,1.10,1.00
2018.05.30 16:03:28.370,0.69136,0.69152,1.00,1.00
2018.05.30 16:03:28.905,0.69135,0.69151,1.00,1.00
2018.05.30 16:03:30.730,0.69134,0.69152,1.10,1.00
2018.05.30 16:03:31.088,0.69136,0.69154,1.00,1.87
2018.05.30 16:03:31.139,0.69136,0.69154,1.00,1.87
2018.05.30 16:03:32.552,0.69137,0.69155,1.00,2.25
2018.05.30 16:03:33.153,0.69136,0.69154,1.10,1.50
2018.05.30 16:03:35.566,0.69137,0.69155,1.00,1.87
2018.05.30 16:03:36.081,0.69138,0.69155,1.10,1.12
2018.05.30 16:03:36.234,0.6914,0.69158,1.00,2.70
2018.05.30 16:03:36.739,0.69139,0.69157,1.10,1.37
2018.05.30 16:03:37.546,0.6914,0.69159,1.00,1.95
2018.05.30 16:03:38.186,0.6914,0.69159,1.10,1.50
2018.05.30 16:03:38.744,0.6914,0.69159,1.20,1.50
2018.05.30 16:03:38.846,0.69141,0.6916,1.95,1.12
2018.05.30 16:03:38.950,0.69141,0.6916,1.10,1.12
2018.05.30 16:03:39.505,0.69142,0.6916,1.10,1.12
2018.05.30 16:03:39.900,0.69144,0.69161,1.00,1.00
2018.05.30 16:03:40.532,0.69145,0.69162,1.00,1.12
2018.05.30 16:03:41.056,0.69146,0.69164,1.10,1.12
2018.05.30 16:03:46.611,0.69147,0.69164,1.00,1.00
2018.05.30 16:03:46.957,0.69145,0.69163,1.10,1.00
2018.05.30 16:03:47.490,0.69148,0.69165,1.00,1.00
2018.05.30 16:03:47.542,0.69148,0.69167,1.00,2.62
2018.05.30 16:03:48.589,0.69148,0.69165,1.00,1.00
2018.05.30 16:03:48.754,0.69148,0.69167,1.00,2.25
2018.05.30 16:03:49.347,0.6915,0.69166,1.00,1.00
2018.05.30 16:03:50.507,0.69147,0.69163,1.10,1.00
2018.05.30 16:03:50.561,0.69147,0.69165,1.10,2.25
2018.05.30 16:03:50.700,0.69145,0.69163,1.12,1.00
2018.05.30 16:03:51.211,0.69146,0.69163,1.00,1.00
2018.05.30 16:03:51.742,0.69147,0.69164,1.00,1.00
2018.05.30 16:03:52.700,0.69148,0.69166,1.12,1.00
2018.05.30 16:03:53.842,0.69146,0.69165,1.57,1.00
2018.05.30 16:03:53.894,0.69145,0.69163,1.82,1.50
2018.05.30 16:03:53.997,0.69144,0.69161,1.20,1.00
2018.05.30 16:03:54.202,0.69145,0.69163,1.00,1.00
2018.05.30 16:03:54.481,0.69146,0.69164,1.37,2.25
2018.05.30 16:03:55.374,0.69147,0.69166,1.47,1.87
2018.05.30 16:03:56.121,0.69147,0.69166,1.20,2.62
2018.05.30 16:03:57.332,0.69147,0.69166,1.20,1.50
2018.05.30 16:03:57.837,0.69147,0.69166,1.57,1.50
2018.05.30 16:03:58.021,0.69151,0.69167,1.00,1.00
2018.05.30 16:03:58.125,0.69152,0.69169,1.00,1.10
2018.05.30 16:03:58.421,0.69155,0.69169,1.00,1.00
2018.05.30 16:03:58.574,0.69153,0.69172,1.20,1.50
2018.05.30 16:03:58.625,0.69156,0.69172,1.00,1.00
2018.05.30 16:03:58.929,0.69158,0.69174,1.00,1.00
2018.05.30 16:03:59.471,0.69157,0.69175,1.47,1.50
2018.05.30 16:04:00.145,0.69157,0.69175,1.10,1.50
2018.05.30 16:04:00.449,0.69152,0.69169,1.12,1.00
2018.05.30 16:04:00.745,0.69149,0.69168,1.20,2.25
2018.05.30 16:04:01.403,0.69151,0.69166,1.00,1.00
2018.05.30 16:04:01.952,0.69151,0.69167,1.00,1.00
2018.05.30 16:04:03.083,0.69149,0.69167,1.20,1.00
2018.05.30 16:04:03.587,0.6915,0.69166,1.00,1.00
2018.05.30 16:04:04.567,0.69148,0.69166,1.00,1.50
2018.05.30 16:04:05.210,0.69149,0.69167,1.00,1.50
2018.05.30 16:04:05.631,0.69146,0.69165,2.32,1.50
2018.05.30 16:04:06.207,0.69146,0.69164,1.57,1.00
2018.05.30 16:04:06.663,0.69145,0.69163,1.00,1.00
2018.05.30 16:04:07.612,0.69146,0.69164,1.10,1.50
2018.05.30 16:04:08.940,0.69147,0.69164,1.00,1.50
2018.05.30 16:04:09.450,0.69147,0.69165,1.00,1.50
2018.05.30 16:04:09.502,0.69149,0.69166,1.00,1.00
2018.05.30 16:04:09.604,0.69151,0.69169,1.00,1.50
2018.05.30 16:04:10.067,0.6915,0.69167,1.00,1.50
2018.05.30 16:04:10.587,0.69149,0.69166,1.10,1.00
2018.05.30 16:04:11.056,0.69148,0.69164,1.00,1.00
2018.05.30 16:04:11.664,0.69147,0.69164,1.00,1.50
2018.05.30 16:04:13.930,0.69146,0.69163,1.10,1.00
2018.05.30 16:04:14.278,0.69144,0.69161,1.10,1.50
2018.05.30 16:04:14.383,0.69144,0.69163,1.00,1.50
2018.05.30 16:04:14.435,0.69145,0.69163,1.37,1.00
2018.05.30 16:04:14.875,0.69143,0.69159,1.45,1.00
2018.05.30 16:04:15.029,0.69144,0.69162,1.37,1.50
2018.05.30 16:04:15.081,0.69146,0.69164,1.00,2.25
2018.05.30 16:04:15.745,0.69146,0.69163,1.00,1.00
2018.05.30 16:04:15.898,0.69147,0.69165,1.00,2.25
2018.05.30 16:04:16.429,0.69146,0.69164,1.10,1.50
2018.05.30 16:04:16.480,0.69145,0.69162,1.12,1.00
2018.05.30 16:04:17.017,0.69144,0.69161,1.00,1.00
2018.05.30 16:04:17.382,0.69142,0.6916,1.10,1.00
2018.05.30 16:04:17.733,0.69145,0.69161,1.00,1.50
2018.05.30 16:04:18.196,0.69142,0.6916,1.10,1.00
2018.05.30 16:04:19.666,0.69142,0.6916,1.20,1.00
2018.05.30 16:04:19.769,0.69145,0.69162,1.00,1.00
2018.05.30 16:04:20.069,0.69147,0.69165,1.00,1.00
2018.05.30 16:04:20.326,0.69144,0.69161,1.57,1.00
2018.05.30 16:04:20.737,0.69145,0.69163,1.37,1.00
2018.05.30 16:04:21.239,0.69147,0.69163,1.00,1.00
2018.05.30 16:04:21.823,0.69147,0.69164,1.00,2.25
2018.05.30 16:04:22.340,0.69148,0.69164,1.00,1.50
2018.05.30 16:04:22.495,0.69146,0.69164,1.00,1.50
2018.05.30 16:04:23.070,0.69146,0.69163,1.00,1.00
2018.05.30 16:04:23.120,0.69144,0.69161,1.00,1.00
2018.05.30 16:04:23.718,0.69143,0.69161,1.10,1.00
2018.05.30 16:04:24.289,0.69144,0.69162,1.00,1.50
2018.05.30 16:04:24.604,0.69141,0.69159,1.20,1.50
2018.05.30 16:04:24.748,0.6914,0.69158,1.10,1.00
2018.05.30 16:04:25.279,0.69141,0.69159,1.00,1.50
2018.05.30 16:04:25.823,0.69142,0.69159,1.00,1.00
2018.05.30 16:04:27.574,0.69142,0.6916,1.00,1.00
2018.05.30 16:04:27.706,0.69144,0.6916,1.00,1.00
2018.05.30 16:04:27.859,0.69142,0.6916,1.00,1.50
2018.05.30 16:04:28.428,0.69142,0.69159,1.00,1.00
2018.05.30 16:04:29.314,0.69143,0.69158,1.00,1.00
2018.05.30 16:04:29.580,0.6914,0.69158,1.10,1.00
2018.05.30 16:04:30.126,0.69141,0.69158,1.00,1.00
2018.05.30 16:04:30.787,0.69141,0.69159,1.00,1.50
2018.05.30 16:04:31.452,0.69141,0.69158,1.00,1.00
2018.05.30 16:04:32.494,0.69141,0.69159,1.00,1.00
2018.05.30 16:04:32.865,0.69143,0.69159,1.00,1.50
2018.05.30 16:04:33.725,0.69142,0.69158,1.00,1.00
2018.05.30 16:04:33.977,0.6914,0.69158,1.10,1.00
2018.05.30 16:04:34.583,0.69141,0.69157,1.37,1.00
2018.05.30 16:04:34.637,0.69143,0.6916,1.00,1.00
2018.05.30 16:04:34.894,0.69145,0.6916,1.00,1.00
2018.05.30 16:04:36.240,0.69145,0.69162,1.00,1.00
2018.05.30 16:04:36.291,0.69143,0.69161,1.57,1.50
2018.05.30 16:04:36.827,0.69144,0.69161,1.00,1.00
2018.05.30 16:04:37.741,0.69144,0.69162,1.10,1.50
2018.05.30 16:04:37.793,0.69146,0.69163,1.10,1.00
2018.05.30 16:04:38.133,0.69148,0.69163,1.00,1.00
2018.05.30 16:04:38.389,0.69146,0.69163,1.00,1.00
2018.05.30 16:04:38.931,0.69144,0.69162,1.12,1.00
2018.05.30 16:04:39.652,0.69146,0.69162,1.00,1.50
2018.05.30 16:04:40.218,0.69145,0.69163,1.00,1.50
2018.05.30 16:04:40.609,0.69146,0.69164,1.20,1.00
2018.05.30 16:04:41.675,0.69146,0.69164,1.10,1.00
2018.05.30 16:04:43.193,0.69145,0.69163,1.20,1.00
2018.05.30 16:04:43.724,0.69146,0.69162,1.00,1.00
2018.05.30 16:04:44.983,0.69145,0.69163,1.20,1.00
2018.05.30 16:04:45.569,0.69146,0.69162,1.00,1.00
2018.05.30 16:04:45.620,0.69146,0.69164,1.00,1.00
2018.05.30 16:04:46.241,0.69146,0.69163,1.00,1.00
2018.05.30 16:04:51.347,0.69145,0.69163,1.10,1.50
2018.05.30 16:04:52.311,0.69147,0.69163,1.00,1.50
2018.05.30 16:04:52.692,0.69147,0.69165,1.00,1.50
2018.05.30 16:04:52.743,0.69149,0.69165,1.00,1.50
2018.05.30 16:04:54.335,0.69149,0.69167,1.07,1.50
2018.05.30 16:04:54.652,0.69149,0.69165,1.10,1.00
2018.05.30 16:04:54.807,0.69147,0.69165,1.10,1.00
2018.05.30 16:04:54.910,0.69147,0.69163,1.10,1.00
2018.05.30 16:04:55.059,0.69146,0.69165,1.20,1.50
2018.05.30 16:04:55.583,0.69148,0.69166,1.20,1.50
2018.05.30 16:04:55.635,0.69148,0.69166,1.57,1.50
2018.05.30 16:04:56.339,0.69149,0.69166,1.20,1.00
2018.05.30 16:04:56.942,0.69149,0.69166,1.57,1.00
2018.05.30 16:04:58.325,0.69149,0.69165,1.00,1.00
2018.05.30 16:04:58.853,0.6915,0.69168,1.00,1.50
2018.05.30 16:05:00.095,0.69149,0.69167,1.57,1.00
2018.05.30 16:05:00.603,0.69149,0.69165,1.20,1.00
2018.05.30 16:05:00.664,0.69147,0.69164,1.07,1.00
2018.05.30 16:05:00.817,0.69147,0.69166,1.20,2.25
2018.05.30 16:05:01.205,0.69147,0.69164,1.10,1.00
2018.05.30 16:05:01.509,0.6915,0.69166,1.00,1.00
2018.05.30 16:05:02.018,0.69149,0.69168,1.20,1.00
2018.05.30 16:05:02.531,0.69151,0.69167,1.00,1.00
2018.05.30 16:05:02.937,0.69149,0.69166,1.10,1.00
2018.05.30 16:05:03.370,0.69149,0.69168,1.20,1.50
2018.05.30 16:05:04.015,0.69149,0.69168,1.10,1.50
2018.05.30 16:05:04.496,0.69149,0.69165,1.10,1.00
2018.05.30 16:05:04.599,0.69149,0.69167,1.00,1.12
2018.05.30 16:05:05.198,0.69148,0.69166,1.10,1.00
2018.05.30 16:05:06.372,0.69149,0.69167,1.00,1.12
2018.05.30 16:05:07.359,0.69148,0.69167,1.10,1.12
2018.05.30 16:05:07.837,0.6915,0.69168,1.10,1.87
2018.05.30 16:05:08.808,0.69151,0.69169,1.00,1.50
2018.05.30 16:05:08.910,0.69153,0.69169,1.00,1.00
2018.05.30 16:05:09.644,0.69152,0.6917,1.47,1.50
2018.05.30 16:05:10.214,0.69152,0.6917,1.10,1.00
2018.05.30 16:05:10.669,0.69154,0.69171,1.00,1.50
2018.05.30 16:05:12.032,0.69153,0.69171,1.00,1.00
2018.05.30 16:05:12.587,0.69154,0.6917,1.10,1.00
2018.05.30 16:05:12.705,0.69153,0.69172,1.07,1.50
2018.05.30 16:05:13.587,0.69157,0.69172,1.00,1.00
2018.05.30 16:05:13.638,0.69157,0.69174,1.00,1.00
2018.05.30 16:05:14.142,0.69157,0.69175,1.00,1.00
2018.05.30 16:05:14.743,0.69156,0.69174,1.10,1.00
2018.05.30 16:05:15.489,0.69157,0.69175,1.00,1.00
2018.05.30 16:05:15.767,0.69155,0.69173,1.20,1.00
2018.05.30 16:05:16.543,0.69156,0.69174,1.00,1.00
2018.05.30 16:05:17.472,0.69157,0.69175,1.00,1.50
2018.05.30 16:05:18.397,0.69156,0.69174,1.10,1.00
2018.05.30 16:05:20.292,0.69158,0.69174,1.00,1.00
2018.05.30 16:05:20.381,0.69158,0.69176,1.00,2.25
2018.05.30 16:05:22.115,0.69155,0.69173,1.57,1.50
2018.05.30 16:05:22.510,0.69154,0.69171,1.07,1.00
2018.05.30 16:05:23.145,0.69154,0.69172,1.10,1.50
2018.05.30 16:05:24.369,0.69154,0.69172,1.47,1.00
2018.05.30 16:05:24.898,0.69155,0.69173,1.47,1.00
2018.05.30 16:05:24.949,0.69158,0.69176,1.12,1.50
2018.05.30 16:05:25.152,0.69156,0.69174,1.45,1.00
2018.05.30 16:05:25.204,0.69156,0.69174,1.10,1.00
2018.05.30 16:05:25.882,0.69157,0.69175,1.00,1.00
2018.05.30 16:05:29.243,0.6916,0.69176,1.00,1.00
2018.05.30 16:05:29.295,0.6916,0.69178,1.00,2.25
2018.05.30 16:05:30.428,0.6916,0.69176,1.10,1.00
2018.05.30 16:05:30.869,0.69158,0.69176,1.50,1.00
2018.05.30 16:05:30.971,0.69158,0.69174,1.00,1.00
2018.05.30 16:05:31.332,0.69158,0.69176,1.00,1.00
2018.05.30 16:05:31.991,0.69157,0.69175,1.10,1.00
2018.05.30 16:05:32.043,0.69159,0.69177,1.12,1.00
2018.05.30 16:05:32.652,0.69159,0.69178,1.20,1.50
2018.05.30 16:05:33.096,0.69161,0.69177,1.00,1.00
2018.05.30 16:05:33.317,0.69159,0.69177,1.10,1.00
2018.05.30 16:05:33.860,0.6916,0.69176,1.00,1.00
2018.05.30 16:05:34.488,0.69158,0.69176,1.12,1.00
2018.05.30 16:05:34.745,0.6916,0.69176,1.00,1.00
2018.05.30 16:05:35.577,0.6916,0.69177,1.00,1.00
2018.05.30 16:05:36.139,0.6916,0.69178,1.00,1.00
2018.05.30 16:05:36.787,0.69159,0.69178,1.00,1.00
2018.05.30 16:05:37.271,0.69157,0.69175,1.57,1.00
2018.05.30 16:05:37.525,0.69161,0.69178,1.12,1.00
2018.05.30 16:05:37.576,0.69163,0.69179,1.00,1.00
2018.05.30 16:05:37.779,0.69164,0.69181,1.00,1.00
2018.05.30 16:05:38.901,0.69164,0.69182,1.10,1.50
2018.05.30 16:05:41.028,0.69165,0.69182,1.00,1.50
2018.05.30 16:05:41.544,0.69164,0.69182,1.10,1.50
2018.05.30 16:05:49.303,0.69167,0.69183,1.00,1.00
2018.05.30 16:05:50.401,0.69166,0.69185,1.10,1.12
2018.05.30 16:05:50.959,0.69166,0.69185,1.07,1.00
2018.05.30 16:05:51.506,0.69166,0.69184,1.07,1.00
2018.05.30 16:05:52.126,0.69166,0.69184,1.00,1.00
2018.05.30 16:05:52.178,0.69168,0.69184,1.00,1.00
2018.05.30 16:05:52.760,0.69167,0.69186,1.10,1.50
2018.05.30 16:05:53.661,0.69166,0.69184,1.10,1.00
2018.05.30 16:05:54.758,0.69166,0.69185,1.10,1.00
2018.05.30 16:05:57.052,0.69168,0.69184,1.00,1.00
2018.05.30 16:05:57.242,0.69165,0.69183,1.10,1.00
2018.05.30 16:05:58.243,0.69166,0.69182,1.00,1.00
2018.05.30 16:05:58.763,0.69166,0.69185,1.00,1.50
2018.05.30 16:06:01.512,0.69166,0.69182,1.00,1.00
2018.05.30 16:06:02.043,0.69164,0.69182,1.20,1.00
2018.05.30 16:06:05.737,0.69163,0.69179,1.10,1.00
2018.05.30 16:06:06.042,0.69161,0.69177,1.00,1.50
2018.05.30 16:06:06.095,0.69159,0.69176,1.12,1.00
2018.05.30 16:06:06.905,0.6916,0.69176,1.00,1.00
2018.05.30 16:06:08.397,0.69158,0.69176,1.20,1.00
2018.05.30 16:06:08.449,0.6916,0.69176,1.00,1.00
2018.05.30 16:06:08.551,0.6916,0.69179,1.07,1.00
2018.05.30 16:06:09.228,0.6916,0.69178,1.10,1.50
2018.05.30 16:06:09.382,0.69163,0.6918,1.00,2.25
2018.05.30 16:06:09.666,0.69161,0.69179,1.00,1.00
2018.05.30 16:06:09.921,0.69163,0.69179,1.00,1.00
2018.05.30 16:06:10.451,0.69163,0.6918,1.00,1.00
2018.05.30 16:06:10.707,0.69161,0.69179,1.10,1.50
2018.05.30 16:06:11.010,0.69161,0.69177,1.00,1.50
2018.05.30 16:06:11.112,0.69161,0.69179,1.00,1.50
2018.05.30 16:06:11.626,0.69161,0.6918,1.10,1.50
2018.05.30 16:06:11.802,0.69162,0.69181,1.37,1.00
2018.05.30 16:06:12.106,0.69161,0.69179,1.10,1.00
2018.05.30 16:06:12.315,0.69162,0.69181,1.00,1.50
2018.05.30 16:06:13.229,0.69163,0.69179,1.07,1.00
2018.05.30 16:06:13.383,0.69162,0.6918,1.00,1.00
2018.05.30 16:06:13.434,0.69162,0.69178,1.00,1.00
2018.05.30 16:06:13.643,0.6916,0.69179,1.00,1.50
2018.05.30 16:06:13.995,0.6916,0.69179,1.20,1.00
2018.05.30 16:06:14.171,0.6916,0.69179,1.00,1.50
2018.05.30 16:06:14.274,0.69161,0.69179,1.07,1.00
2018.05.30 16:06:14.806,0.6916,0.69178,1.45,1.00
2018.05.30 16:06:15.779,0.6916,0.69179,1.37,1.50
2018.05.30 16:06:16.794,0.6916,0.69178,1.37,1.00
2018.05.30 16:06:17.852,0.69161,0.69179,1.12,1.00
2018.05.30 16:06:18.903,0.6916,0.69178,1.37,1.00
2018.05.30 16:06:19.509,0.69163,0.69179,1.00,1.00
2018.05.30 16:06:19.764,0.69161,0.69179,1.00,1.00
2018.05.30 16:06:19.815,0.6916,0.69177,1.00,1.00
2018.05.30 16:06:20.139,0.69161,0.6918,1.00,1.20
2018.05.30 16:06:20.661,0.69162,0.6918,1.00,1.00
2018.05.30 16:06:20.773,0.69162,0.69178,1.00,1.00
2018.05.30 16:06:20.924,0.69163,0.69182,1.50,1.00
2018.05.30 16:06:21.129,0.69162,0.6918,2.32,1.00
2018.05.30 16:06:21.657,0.69161,0.69179,1.57,1.00
2018.05.30 16:06:22.192,0.69162,0.69178,1.00,1.00
2018.05.30 16:06:22.322,0.6916,0.69177,1.00,1.00
2018.05.30 16:06:22.927,0.69159,0.69177,1.00,2.25
2018.05.30 16:06:24.035,0.6916,0.69177,1.00,1.00
2018.05.30 16:06:24.531,0.69161,0.69179,1.00,1.10
2018.05.30 16:06:24.636,0.6916,0.69176,1.00,1.00
2018.05.30 16:06:24.851,0.69158,0.69176,1.00,1.50
2018.05.30 16:06:25.118,0.69157,0.69173,1.00,1.00
2018.05.30 16:06:27.269,0.69155,0.69173,1.00,1.00
2018.05.30 16:06:27.803,0.69156,0.69172,1.00,1.00
2018.05.30 16:06:29.087,0.69155,0.69171,1.00,1.00
2018.05.30 16:06:29.138,0.69153,0.6917,1.00,1.00
2018.05.30 16:06:29.241,0.6915,0.69169,1.95,1.00
2018.05.30 16:06:29.799,0.6915,0.69169,1.12,1.00
2018.05.30 16:06:30.162,0.69153,0.69169,1.00,1.00
2018.05.30 16:06:30.212,0.69153,0.69172,1.00,2.32
2018.05.30 16:06:30.746,0.69154,0.69172,1.00,1.50
2018.05.30 16:06:31.172,0.69156,0.69172,1.00,1.00
2018.05.30 16:06:31.274,0.69156,0.69174,1.00,1.10
2018.05.30 16:06:31.808,0.69155,0.69173,1.00,1.57
2018.05.30 16:06:33.634,0.69156,0.69173,1.00,1.00
2018.05.30 16:06:33.686,0.69154,0.69172,1.00,1.00
2018.05.30 16:06:33.840,0.69152,0.69171,1.10,1.50
2018.05.30 16:06:34.198,0.69154,0.6917,1.00,1.00
2018.05.30 16:06:34.722,0.69154,0.69171,1.00,1.00
2018.05.30 16:06:35.593,0.69153,0.69171,1.10,1.50
2018.05.30 16:06:36.136,0.69153,0.69171,1.07,1.00
2018.05.30 16:06:36.452,0.69156,0.69172,1.00,1.00
2018.05.30 16:06:36.741,0.69156,0.69174,1.00,1.00
2018.05.30 16:06:37.315,0.69155,0.69173,1.10,2.25
2018.05.30 16:06:37.467,0.69154,0.69171,1.20,1.00
2018.05.30 16:06:37.620,0.69152,0.6917,1.10,1.50
2018.05.30 16:06:38.375,0.69152,0.69169,1.07,1.00
2018.05.30 16:06:38.900,0.69152,0.69169,1.10,1.00
2018.05.30 16:06:39.476,0.69153,0.69169,1.00,1.00
2018.05.30 16:06:39.783,0.69154,0.69172,1.00,2.25
2018.05.30 16:06:40.306,0.69155,0.69174,1.10,2.25
2018.05.30 16:06:41.196,0.69155,0.69173,1.00,1.00
2018.05.30 16:06:41.743,0.69155,0.69174,1.10,1.50
2018.05.30 16:06:43.087,0.69156,0.69172,1.00,1.00
2018.05.30 16:06:43.193,0.69158,0.69176,1.00,1.00
2018.05.30 16:06:43.841,0.69157,0.69175,1.00,1.00
2018.05.30 16:06:44.111,0.69156,0.69172,1.10,1.00
2018.05.30 16:06:44.265,0.69158,0.69176,1.00,1.57
2018.05.30 16:06:44.793,0.69159,0.69177,1.00,1.50
2018.05.30 16:06:46.702,0.69159,0.69177,1.07,1.00
2018.05.30 16:06:47.267,0.69159,0.69177,1.10,1.00
2018.05.30 16:06:47.318,0.69157,0.69175,1.20,1.00
2018.05.30 16:06:47.369,0.69157,0.69175,1.10,1.00
2018.05.30 16:06:47.520,0.69159,0.69177,1.00,1.00
2018.05.30 16:06:48.062,0.69159,0.69178,1.10,1.50
2018.05.30 16:06:48.374,0.69161,0.69177,1.00,1.00
2018.05.30 16:06:48.476,0.69161,0.69179,1.00,1.00
2018.05.30 16:06:48.630,0.69159,0.69176,1.07,1.00
2018.05.30 16:06:49.148,0.6916,0.69177,1.00,1.00
2018.05.30 16:06:49.585,0.69158,0.69176,1.10,1.50
2018.05.30 16:06:49.859,0.69158,0.69174,1.00,1.00
2018.05.30 16:06:52.017,0.69156,0.69174,1.20,1.00
2018.05.30 16:06:52.602,0.69158,0.69174,1.00,1.50
2018.05.30 16:06:54.002,0.69159,0.69175,1.00,1.50
2018.05.30 16:06:54.872,0.69159,0.69177,1.00,1.87
2018.05.30 16:06:55.151,0.69159,0.69175,1.00,1.00
2018.05.30 16:06:55.304,0.69156,0.69175,1.10,1.00
2018.05.30 16:06:55.457,0.69155,0.69171,1.00,1.00
2018.05.30 16:06:55.630,0.69153,0.69172,1.00,1.00
2018.05.30 16:06:55.733,0.69153,0.69169,1.00,1.00
2018.05.30 16:06:56.668,0.69153,0.69171,1.00,1.00
2018.05.30 16:06:56.820,0.69155,0.69171,1.00,1.00
2018.05.30 16:06:58.609,0.69153,0.69171,1.00,1.00
2018.05.30 16:06:59.171,0.69152,0.69171,1.00,1.00
2018.05.30 16:06:59.730,0.69154,0.69172,1.00,1.00
2018.05.30 16:07:00.216,0.69156,0.69173,1.00,1.00
2018.05.30 16:07:00.858,0.69156,0.69174,1.00,1.00
2018.05.30 16:07:01.374,0.69157,0.69176,1.00,1.20
2018.05.30 16:07:02.255,0.69156,0.69174,1.50,1.00
2018.05.30 16:07:03.276,0.69157,0.69174,1.00,1.12
2018.05.30 16:07:03.884,0.69158,0.69176,1.00,1.87
2018.05.30 16:07:04.453,0.69157,0.69174,1.00,1.12
2018.05.30 16:07:04.965,0.69157,0.69175,1.00,1.00
2018.05.30 16:07:05.275,0.69159,0.69175,1.00,1.00
2018.05.30 16:07:06.272,0.69158,0.69174,1.00,1.00
2018.05.30 16:07:07.153,0.69156,0.69174,1.50,1.00
2018.05.30 16:07:07.256,0.69158,0.69174,1.00,1.00
2018.05.30 16:07:07.613,0.69156,0.69174,1.00,1.00
2018.05.30 16:07:08.157,0.69156,0.69175,1.00,1.00
2018.05.30 16:07:09.512,0.69156,0.69172,1.00,1.00
2018.05.30 16:07:09.564,0.69154,0.69172,1.50,1.00
2018.05.30 16:07:09.615,0.69154,0.6917,1.00,1.00
2018.05.30 16:07:09.668,0.69154,0.69172,1.00,1.00
2018.05.30 16:07:09.719,0.69156,0.69172,1.00,1.00
2018.05.30 16:07:10.112,0.69154,0.69172,2.25,1.00
2018.05.30 16:07:11.072,0.69158,0.69174,1.00,1.00
2018.05.30 16:07:11.611,0.69155,0.69174,1.57,1.00
2018.05.30 16:07:12.388,0.69155,0.69174,1.87,1.00
2018.05.30 16:07:12.983,0.69157,0.69173,1.12,1.00
2018.05.30 16:07:16.081,0.69156,0.69172,1.87,1.00
2018.05.30 16:07:17.603,0.69156,0.69172,1.87,1.00
2018.05.30 16:07:17.705,0.69156,0.69172,1.87,1.00
2018.05.30 16:07:18.199,0.69157,0.69175,1.87,1.00
2018.05.30 16:07:19.654,0.69157,0.69176,1.50,1.00
2018.05.30 16:07:19.757,0.6916,0.69176,1.00,1.00
2018.05.30 16:07:19.860,0.69158,0.69176,1.00,1.00
2018.05.30 16:07:20.928,0.69159,0.69177,1.00,1.00
2018.05.30 16:07:21.304,0.69162,0.6918,1.00,1.10
2018.05.30 16:07:21.972,0.69163,0.69181,1.00,1.00
2018.05.30 16:07:22.482,0.69162,0.6918,1.00,1.00
2018.05.30 16:07:23.531,0.69161,0.69179,1.00,1.00
2018.05.30 16:07:24.038,0.6916,0.69178,1.50,1.00
2018.05.30 16:07:24.367,0.69163,0.69179,1.00,1.00
2018.05.30 16:07:24.476,0.69163,0.69181,1.00,1.50
2018.05.30 16:07:25.024,0.69162,0.6918,1.50,1.00
2018.05.30 16:07:25.233,0.69165,0.69181,1.00,1.00
2018.05.30 16:07:25.542,0.69163,0.69182,1.12,1.00
2018.05.30 16:07:26.099,0.69164,0.69182,1.00,1.00
2018.05.30 16:07:27.568,0.69166,0.69182,1.00,1.00
2018.05.30 16:07:32.669,0.69164,0.69181,1.50,1.00
2018.05.30 16:07:33.242,0.69164,0.69182,1.00,1.00
2018.05.30 16:07:39.235,0.69166,0.69182,1.00,1.00
2018.05.30 16:07:39.675,0.69164,0.69182,1.00,1.00
2018.05.30 16:07:41.205,0.69165,0.69183,1.37,1.00
2018.05.30 16:07:41.909,0.69165,0.69182,1.37,1.00
2018.05.30 16:07:42.411,0.69165,0.69181,1.37,1.00
2018.05.30 16:07:43.313,0.69163,0.69181,2.62,1.00
2018.05.30 16:07:44.279,0.69163,0.69181,2.62,1.00
2018.05.30 16:07:45.298,0.69163,0.69181,1.87,1.00
2018.05.30 16:07:45.452,0.69163,0.69181,1.50,1.00
2018.05.30 16:07:45.894,0.69163,0.69179,1.87,1.00
2018.05.30 16:07:45.996,0.69163,0.69182,1.87,1.00
2018.05.30 16:07:47.134,0.69164,0.69182,1.00,1.00
2018.05.30 16:07:47.753,0.69163,0.6918,1.00,1.00
2018.05.30 16:07:49.496,0.69159,0.69178,2.25,1.00
2018.05.30 16:07:49.598,0.69158,0.69176,1.87,1.00
2018.05.30 16:07:49.904,0.69159,0.69178,1.50,1.00
2018.05.30 16:07:51.348,0.69161,0.69178,1.00,1.00
2018.05.30 16:07:54.261,0.69161,0.69179,1.00,1.50
2018.05.30 16:07:54.571,0.69163,0.6918,1.00,1.00
2018.05.30 16:07:55.094,0.69164,0.6918,1.00,1.00
2018.05.30 16:07:55.875,0.69164,0.69181,1.00,1.00
2018.05.30 16:07:59.053,0.69164,0.69182,1.00,1.00
2018.05.30 16:07:59.366,0.69162,0.69178,1.50,1.00
2018.05.30 16:07:59.877,0.69161,0.69179,1.00,1.00
2018.05.30 16:08:00.183,0.69163,0.69179,1.00,1.00
2018.05.30 16:08:00.706,0.69164,0.6918,1.00,1.00
2018.05.30 16:08:01.265,0.69165,0.69181,1.00,1.00
2018.05.30 16:08:01.770,0.69164,0.69182,1.00,1.50
2018.05.30 16:08:05.732,0.69163,0.69181,1.57,1.00
2018.05.30 16:08:06.033,0.69162,0.69179,1.00,1.37
2018.05.30 16:08:07.020,0.69162,0.69181,1.50,1.87
2018.05.30 16:08:07.174,0.69164,0.69182,1.00,1.00
2018.05.30 16:08:08.009,0.69164,0.69183,1.00,1.00
2018.05.30 16:08:08.531,0.69164,0.69183,1.50,1.50
2018.05.30 16:08:09.049,0.69164,0.69183,1.50,1.00
2018.05.30 16:08:09.200,0.69164,0.6918,1.00,1.00
2018.05.30 16:08:09.405,0.69161,0.6918,1.50,1.37
2018.05.30 16:08:09.979,0.69161,0.6918,1.00,1.00
2018.05.30 16:08:10.656,0.69162,0.6918,1.00,1.00
2018.05.30 16:08:11.358,0.69161,0.69178,1.00,1.00
2018.05.30 16:08:11.409,0.69161,0.6918,1.50,1.00
2018.05.30 16:08:16.502,0.69161,0.69177,1.00,1.00
2018.05.30 16:08:16.553,0.69159,0.69177,1.00,1.00
2018.05.30 16:08:17.039,0.69158,0.69175,1.00,1.00
2018.05.30 16:08:17.602,0.69157,0.69175,1.00,1.00
2018.05.30 16:08:20.838,0.69155,0.69173,1.00,1.00
2018.05.30 16:08:21.188,0.69157,0.69173,1.00,1.00
2018.05.30 16:08:21.404,0.69155,0.69173,1.00,1.00
2018.05.30 16:08:24.635,0.69155,0.69173,1.00,1.37
2018.05.30 16:08:26.067,0.69155,0.69173,1.50,1.00
2018.05.30 16:08:29.191,0.69155,0.69172,1.00,1.00
2018.05.30 16:08:29.905,0.69154,0.69172,1.00,1.00
2018.05.30 16:08:30.448,0.69154,0.69173,1.00,1.00
2018.05.30 16:08:32.088,0.69155,0.69173,1.00,1.00
2018.05.30 16:08:32.659,0.69156,0.69174,1.00,1.00
2018.05.30 16:08:33.922,0.69155,0.69173,1.00,1.00
2018.05.30 16:08:34.965,0.69155,0.69171,1.00,1.00
2018.05.30 16:08:35.551,0.69154,0.69173,1.00,1.12
2018.05.30 16:08:36.395,0.69156,0.69172,1.00,1.00
2018.05.30 16:08:38.186,0.69154,0.69172,1.00,1.00
2018.05.30 16:08:39.492,0.69155,0.69173,1.00,1.12
2018.05.30 16:08:40.076,0.69154,0.69172,1.00,1.00
2018.05.30 16:08:40.607,0.69154,0.69171,1.00,1.00
2018.05.30 16:08:41.218,0.69155,0.69171,1.00,1.00
2018.05.30 16:08:42.927,0.69156,0.69172,1.00,1.00
2018.05.30 16:08:43.443,0.69155,0.69174,1.00,1.12
2018.05.30 16:08:47.731,0.69155,0.69173,1.00,1.00
2018.05.30 16:08:49.352,0.69155,0.69172,1.00,1.00
2018.05.30 16:08:51.362,0.69156,0.69172,1.00,1.00
2018.05.30 16:08:53.065,0.69154,0.69172,1.50,1.00
2018.05.30 16:08:54.423,0.69153,0.69171,1.00,1.00
2018.05.30 16:08:55.409,0.69154,0.69173,1.00,1.37
2018.05.30 16:08:55.929,0.69154,0.69173,1.00,1.00
2018.05.30 16:08:56.438,0.69154,0.69172,1.00,1.00
2018.05.30 16:08:56.961,0.69153,0.69171,1.87,1.00
2018.05.30 16:08:58.189,0.69153,0.69169,1.50,1.00
2018.05.30 16:08:58.342,0.69148,0.69166,1.37,1.00
2018.05.30 16:08:58.475,0.69148,0.69164,1.00,1.00
2018.05.30 16:08:58.662,0.69147,0.69166,1.00,1.00
2018.05.30 16:08:58.713,0.69148,0.69164,1.00,1.00
2018.05.30 16:08:59.769,0.69147,0.69163,1.00,1.00
2018.05.30 16:08:59.871,0.69144,0.69162,1.00,1.00
2018.05.30 16:08:59.974,0.69141,0.69159,1.00,1.00
2018.05.30 16:09:00.864,0.6914,0.69159,1.00,1.00
2018.05.30 16:09:02.045,0.6914,0.69159,1.07,1.00
2018.05.30 16:09:02.458,0.69139,0.69157,1.57,1.00
2018.05.30 16:09:02.992,0.6914,0.69158,1.10,1.00
2018.05.30 16:09:03.585,0.69139,0.69158,1.00,1.00
2018.05.30 16:09:04.213,0.6914,0.69158,1.00,1.00
2018.05.30 16:09:07.248,0.69141,0.69159,1.00,1.00
2018.05.30 16:09:07.875,0.6914,0.69158,1.00,1.00
2018.05.30 16:09:09.045,0.69142,0.69157,1.00,1.00
2018.05.30 16:09:09.096,0.69139,0.69157,1.00,1.00
2018.05.30 16:09:09.758,0.6914,0.69157,1.00,1.00
2018.05.30 16:09:11.717,0.69139,0.69157,1.00,1.00
2018.05.30 16:09:12.568,0.69138,0.69156,1.00,1.00
2018.05.30 16:09:13.099,0.69134,0.69152,1.57,1.00
2018.05.30 16:09:13.187,0.69133,0.69151,1.12,1.00
2018.05.30 16:09:13.289,0.69134,0.69149,1.00,1.00
2018.05.30 16:09:13.843,0.69135,0.6915,1.00,1.00
2018.05.30 16:09:16.300,0.69133,0.69149,1.00,1.00
2018.05.30 16:09:17.470,0.69134,0.6915,1.00,1.00
2018.05.30 16:09:17.836,0.6913,0.69148,1.57,1.00
2018.05.30 16:09:18.142,0.69129,0.69147,1.00,1.00
2018.05.30 16:09:18.345,0.69131,0.69149,1.00,1.87
2018.05.30 16:09:18.540,0.69132,0.6915,1.00,1.87
2018.05.30 16:09:19.055,0.69131,0.69149,1.00,1.00
2018.05.30 16:09:19.583,0.69132,0.69148,1.00,1.00
2018.05.30 16:09:20.491,0.69131,0.69149,1.00,1.00
2018.05.30 16:09:20.999,0.69132,0.6915,1.00,1.00
2018.05.30 16:09:23.345,0.69134,0.6915,1.00,1.00
2018.05.30 16:09:23.746,0.69132,0.6915,1.00,1.00
2018.05.30 16:09:24.987,0.69132,0.6915,1.37,1.00
2018.05.30 16:09:27.860,0.69132,0.6915,1.12,1.00
2018.05.30 16:09:28.304,0.69134,0.6915,1.00,1.00
2018.05.30 16:09:28.415,0.69134,0.69152,1.00,2.25
2018.05.30 16:09:28.993,0.69134,0.69151,1.00,1.00
2018.05.30 16:09:29.504,0.69134,0.69152,1.00,3.00
2018.05.30 16:09:33.765,0.69134,0.6915,1.00,1.00
2018.05.30 16:09:33.959,0.69131,0.69149,1.00,1.50
2018.05.30 16:09:34.113,0.69131,0.69147,1.00,1.00
2018.05.30 16:09:34.526,0.69131,0.69149,1.00,1.50
2018.05.30 16:09:34.754,0.69129,0.69147,1.00,1.00
2018.05.30 16:09:35.266,0.6913,0.69148,1.00,1.00
2018.05.30 16:09:35.577,0.6913,0.69146,1.00,1.00
2018.05.30 16:09:36.116,0.69127,0.69143,1.00,1.00
2018.05.30 16:09:36.430,0.69125,0.69143,1.00,1.00
2018.05.30 16:09:37.062,0.69126,0.69144,1.00,1.00
2018.05.30 16:09:37.580,0.69123,0.69141,1.20,1.00
2018.05.30 16:09:37.900,0.69123,0.69139,1.12,1.00
2018.05.30 16:09:38.467,0.69121,0.69138,1.37,1.00
2018.05.30 16:09:38.976,0.69121,0.69137,1.37,1.00
2018.05.30 16:09:41.629,0.69121,0.69137,1.00,1.00
2018.05.30 16:09:41.822,0.69117,0.69136,1.95,1.00
2018.05.30 16:09:42.026,0.69117,0.69136,1.10,1.00
2018.05.30 16:09:42.544,0.69117,0.69135,1.00,1.50
2018.05.30 16:09:43.112,0.69117,0.69134,1.00,1.00
2018.05.30 16:09:43.631,0.69116,0.69135,1.00,1.50
2018.05.30 16:09:45.360,0.69116,0.69135,1.47,1.00
2018.05.30 16:09:45.669,0.69116,0.69135,1.47,1.00
2018.05.30 16:09:45.995,0.69119,0.69137,1.37,1.00
2018.05.30 16:09:46.047,0.69119,0.69138,1.12,1.00
2018.05.30 16:09:46.098,0.69118,0.69136,1.37,1.00
2018.05.30 16:09:46.604,0.69117,0.69135,1.37,1.00
2018.05.30 16:09:47.144,0.69117,0.69134,1.45,1.00
2018.05.30 16:09:48.694,0.69117,0.69135,1.37,1.00
2018.05.30 16:09:48.746,0.69117,0.69135,1.00,1.00
2018.05.30 16:09:49.293,0.69116,0.69134,1.12,1.00
2018.05.30 16:09:49.913,0.69116,0.69135,1.12,1.00
2018.05.30 16:09:50.015,0.69117,0.69135,1.37,1.00
2018.05.30 16:09:50.541,0.69117,0.69135,1.12,1.12
2018.05.30 16:09:51.270,0.69116,0.69134,1.47,1.00
2018.05.30 16:09:51.793,0.69116,0.69134,1.00,1.50
2018.05.30 16:09:52.309,0.69116,0.69135,1.00,1.00
2018.05.30 16:09:52.771,0.69118,0.69134,1.00,1.00
2018.05.30 16:09:53.133,0.69117,0.69136,1.00,1.00
2018.05.30 16:09:53.185,0.69118,0.69134,1.00,1.00
2018.05.30 16:09:54.809,0.69118,0.69135,1.00,1.00
2018.05.30 16:09:55.312,0.69117,0.69135,1.00,1.00
2018.05.30 16:09:57.293,0.69117,0.69136,1.50,1.00
2018.05.30 16:09:57.747,0.69119,0.69135,1.00,1.00
2018.05.30 16:09:58.621,0.69117,0.69136,1.00,1.00
2018.05.30 16:09:58.723,0.69119,0.69137,1.00,1.00
2018.05.30 16:09:59.768,0.69119,0.69137,1.00,1.37
2018.05.30 16:10:00.301,0.69119,0.69137,1.00,1.00
2018.05.30 16:10:00.556,0.69121,0.6914,1.00,1.00
2018.05.30 16:10:00.942,0.69121,0.69137,1.00,1.00
2018.05.30 16:10:01.044,0.69118,0.69136,1.00,1.00
2018.05.30 16:10:01.146,0.69121,0.69138,1.00,1.87
2018.05.30 16:10:01.357,0.69118,0.69137,1.00,1.12
2018.05.30 16:10:01.511,0.6912,0.69136,1.00,1.00
2018.05.30 16:10:01.614,0.69123,0.69141,1.00,1.00
2018.05.30 16:10:02.184,0.69122,0.6914,1.00,1.00
2018.05.30 16:10:02.390,0.69122,0.69138,1.00,1.00
2018.05.30 16:10:03.121,0.69122,0.69139,1.00,1.00
2018.05.30 16:10:03.705,0.69121,0.69139,1.00,1.00
2018.05.30 16:10:04.248,0.6912,0.69139,1.10,1.00
2018.05.30 16:10:04.811,0.6912,0.69138,1.10,1.00
2018.05.30 16:10:05.441,0.69119,0.69138,1.57,1.00
2018.05.30 16:10:05.749,0.69122,0.6914,1.00,1.00
2018.05.30 16:10:06.271,0.69123,0.69141,1.00,1.12
2018.05.30 16:10:08.260,0.69125,0.69141,1.00,1.00
2018.05.30 16:10:09.958,0.69122,0.6914,1.00,1.50
2018.05.30 16:10:10.484,0.69122,0.69139,1.00,1.00
2018.05.30 16:10:10.738,0.69123,0.69142,1.00,1.00
2018.05.30 16:10:12.251,0.69123,0.69141,1.00,1.00
2018.05.30 16:10:12.879,0.69123,0.69142,1.00,1.00
2018.05.30 16:10:13.144,0.69122,0.6914,1.00,1.00
2018.05.30 16:10:13.668,0.69122,0.69141,1.12,1.00
2018.05.30 16:10:14.217,0.69122,0.6914,1.00,1.00
2018.05.30 16:10:14.380,0.69123,0.69142,1.00,1.50
2018.05.30 16:10:14.702,0.69122,0.6914,1.00,1.00
2018.05.30 16:10:15.215,0.69123,0.6914,1.00,1.00
2018.05.30 16:10:15.786,0.69123,0.69141,1.00,1.50
2018.05.30 16:10:16.017,0.69117,0.69136,1.00,1.00
2018.05.30 16:10:16.068,0.69117,0.69134,1.00,1.00
2018.05.30 16:10:16.577,0.69116,0.69133,1.00,1.00
2018.05.30 16:10:18.971,0.69116,0.69134,1.00,1.00
2018.05.30 16:10:19.493,0.69117,0.69135,1.00,1.87
2018.05.30 16:10:21.348,0.69116,0.69135,1.00,1.12
2018.05.30 16:10:21.882,0.69115,0.69134,1.00,1.00
2018.05.30 16:10:22.659,0.69116,0.69132,1.00,1.87
2018.05.30 16:10:22.710,0.69117,0.69136,1.00,1.50
2018.05.30 16:10:22.761,0.69116,0.69133,1.00,1.00
2018.05.30 16:10:23.065,0.69118,0.69134,1.00,1.00
2018.05.30 16:10:23.115,0.69117,0.69136,1.00,1.00
2018.05.30 16:10:23.657,0.69116,0.69135,1.10,1.00
2018.05.30 16:10:23.708,0.69118,0.69134,1.00,1.00
2018.05.30 16:10:23.830,0.69118,0.69137,1.00,1.47
2018.05.30 16:10:24.372,0.69118,0.69137,1.00,1.00
2018.05.30 16:10:26.002,0.69121,0.69138,1.00,1.00
2018.05.30 16:10:26.547,0.69122,0.69139,1.00,1.00
2018.05.30 16:10:27.470,0.6912,0.69139,1.50,1.12
2018.05.30 16:10:27.727,0.69118,0.69137,1.50,1.00
2018.05.30 16:10:28.122,0.69116,0.69136,1.50,1.00
2018.05.30 16:10:28.173,0.69116,0.69134,1.00,1.00
2018.05.30 16:10:28.276,0.69112,0.69131,1.57,1.00
2018.05.30 16:10:28.429,0.69115,0.69131,1.00,1.00
2018.05.30 16:10:28.536,0.69112,0.6913,1.00,1.00
2018.05.30 16:10:32.429,0.69116,0.69132,1.00,1.00
2018.05.30 16:10:32.481,0.69114,0.69131,1.00,1.00
2018.05.30 16:10:32.583,0.69113,0.69129,1.00,1.00
2018.05.30 16:10:32.686,0.69113,0.69132,1.00,1.50
2018.05.30 16:10:34.281,0.69117,0.69134,1.00,1.00
2018.05.30 16:10:36.114,0.69118,0.69134,1.00,1.00
2018.05.30 16:10:36.709,0.69117,0.69134,1.00,1.00
2018.05.30 16:10:38.691,0.69116,0.69134,1.50,1.00
2018.05.30 16:10:39.204,0.69117,0.69134,1.00,1.00
2018.05.30 16:10:39.564,0.69117,0.69136,1.00,1.87
2018.05.30 16:10:40.163,0.69116,0.69135,1.50,1.00
2018.05.30 16:10:40.513,0.69119,0.69135,1.00,1.00
2018.05.30 16:10:40.665,0.69116,0.69135,1.50,1.00
2018.05.30 16:10:40.872,0.69118,0.69136,1.00,1.87
2018.05.30 16:10:41.177,0.69116,0.69133,1.10,1.00
2018.05.30 16:10:41.308,0.69114,0.69133,1.00,1.12
2018.05.30 16:10:41.360,0.69114,0.6913,1.00,1.00
2018.05.30 16:10:41.941,0.69112,0.69131,1.50,1.12
2018.05.30 16:10:42.236,0.69112,0.69131,1.50,1.37
2018.05.30 16:10:42.808,0.69111,0.6913,1.00,1.87
2018.05.30 16:10:43.335,0.69112,0.69129,1.00,1.12
2018.05.30 16:10:43.876,0.69112,0.6913,1.00,1.00
2018.05.30 16:10:44.417,0.69112,0.69131,1.00,1.12
2018.05.30 16:10:44.775,0.69113,0.69129,1.00,1.00
2018.05.30 16:10:45.513,0.69112,0.69131,1.00,1.12
2018.05.30 16:10:46.035,0.69113,0.69131,1.00,1.12
2018.05.30 16:10:47.477,0.69114,0.69133,1.50,1.47
2018.05.30 16:10:47.528,0.69116,0.69134,1.00,1.45
2018.05.30 16:10:47.897,0.69118,0.69134,1.00,1.00
2018.05.30 16:10:48.206,0.69116,0.69135,1.00,1.00
2018.05.30 16:10:48.710,0.69117,0.69135,1.00,1.00
2018.05.30 16:10:49.365,0.69117,0.69136,1.00,1.12
2018.05.30 16:10:49.467,0.69116,0.69134,1.00,1.00
2018.05.30 16:10:49.812,0.6912,0.69136,1.00,1.00
2018.05.30 16:10:50.016,0.69117,0.69136,1.00,1.00
2018.05.30 16:10:50.620,0.69118,0.69136,1.00,1.00
2018.05.30 16:10:52.694,0.69117,0.69136,1.00,1.50
2018.05.30 16:10:53.518,0.6912,0.69139,1.00,1.87
2018.05.30 16:10:54.170,0.69119,0.69138,1.00,1.00
2018.05.30 16:10:54.763,0.69119,0.69137,1.00,1.00
2018.05.30 16:10:57.850,0.69117,0.69136,1.00,1.00
2018.05.30 16:10:57.988,0.69115,0.69133,1.37,1.00
2018.05.30 16:10:58.141,0.69113,0.69132,1.37,1.00
2018.05.30 16:10:58.911,0.69115,0.69133,1.00,1.00
2018.05.30 16:11:00.174,0.69114,0.69132,1.00,1.50
2018.05.30 16:11:00.277,0.69112,0.69131,1.00,1.50
2018.05.30 16:11:03.482,0.69113,0.69131,1.00,1.00
2018.05.30 16:11:03.942,0.69111,0.6913,1.00,1.00
2018.05.30 16:11:04.641,0.69111,0.69129,1.00,1.00
2018.05.30 16:11:05.491,0.69113,0.69129,1.00,1.00
2018.05.30 16:11:05.806,0.69113,0.69131,1.00,1.00
2018.05.30 16:11:06.348,0.69113,0.6913,1.00,1.00
2018.05.30 16:11:06.881,0.69112,0.6913,1.00,1.00
2018.05.30 16:11:07.421,0.69112,0.69129,1.00,1.00
2018.05.30 16:11:07.806,0.69114,0.6913,1.00,1.00
2018.05.30 16:11:09.764,0.69113,0.6913,1.00,1.00
2018.05.30 16:11:10.221,0.69113,0.69132,1.00,1.00
2018.05.30 16:11:11.025,0.69111,0.69128,1.00,1.00
2018.05.30 16:11:11.335,0.69112,0.6913,1.50,1.00
2018.05.30 16:11:11.436,0.69113,0.69132,1.00,1.50
2018.05.30 16:11:11.538,0.69115,0.69133,1.00,1.00
2018.05.30 16:11:11.883,0.69119,0.69137,1.00,1.00
2018.05.30 16:11:12.037,0.69117,0.69136,1.00,1.00
2018.05.30 16:11:12.140,0.69116,0.69134,1.50,1.00
2018.05.30 16:11:13.175,0.69115,0.69133,1.12,1.00
2018.05.30 16:11:13.706,0.69115,0.69134,1.87,1.00
2018.05.30 16:11:15.089,0.69115,0.69132,1.50,1.00
2018.05.30 16:11:15.260,0.69115,0.69134,1.50,1.00
2018.05.30 16:11:16.260,0.69118,0.69134,1.00,1.12
2018.05.30 16:11:16.808,0.69119,0.69135,1.00,1.00
2018.05.30 16:11:17.580,0.6912,0.69138,1.00,1.37
2018.05.30 16:11:17.673,0.6912,0.69138,1.00,1.00
2018.05.30 16:11:17.725,0.69121,0.69136,1.00,1.00
2018.05.30 16:11:18.438,0.6912,0.69139,1.50,1.00
2018.05.30 16:11:19.814,0.69122,0.69139,1.00,1.00
2018.05.30 16:11:20.320,0.69122,0.6914,1.50,1.00
2018.05.30 16:11:20.849,0.69121,0.6914,2.25,1.00
2018.05.30 16:11:21.166,0.6912,0.69137,1.00,1.00
2018.05.30 16:11:21.598,0.69123,0.69139,1.00,1.00
2018.05.30 16:11:21.649,0.69123,0.69141,1.00,1.00
2018.05.30 16:11:22.185,0.69122,0.6914,1.00,1.00
2018.05.30 16:11:22.694,0.69123,0.69141,1.00,1.00
2018.05.30 16:11:23.509,0.69124,0.69141,1.00,1.00
2018.05.30 16:11:23.665,0.69122,0.6914,1.00,1.00
2018.05.30 16:11:23.717,0.69121,0.69138,1.12,1.00
2018.05.30 16:11:24.212,0.69119,0.69137,1.10,1.00
2018.05.30 16:11:24.735,0.69121,0.69137,1.00,1.00
2018.05.30 16:11:25.248,0.69119,0.69137,1.37,1.00
2018.05.30 16:11:25.876,0.69119,0.69137,1.50,1.00
2018.05.30 16:11:26.650,0.69119,0.69136,1.50,1.00
2018.05.30 16:11:29.526,0.69117,0.69135,2.25,1.00
2018.05.30 16:11:29.629,0.69119,0.69137,1.00,1.12
2018.05.30 16:11:29.921,0.69121,0.6914,1.00,1.00
2018.05.30 16:11:30.506,0.6912,0.6914,1.87,1.00
2018.05.30 16:11:31.033,0.6912,0.69139,1.87,1.00
2018.05.30 16:11:31.085,0.69122,0.69139,1.00,1.00
2018.05.30 16:11:31.607,0.69122,0.6914,1.00,1.00
2018.05.30 16:11:32.149,0.69121,0.6914,1.00,1.00
2018.05.30 16:11:32.651,0.69122,0.69141,1.00,1.10
2018.05.30 16:11:32.970,0.6912,0.69138,1.00,1.00
2018.05.30 16:11:33.279,0.6912,0.69136,1.00,1.00
2018.05.30 16:11:37.939,0.6912,0.69138,1.00,1.00
2018.05.30 16:11:38.812,0.69119,0.69137,1.00,1.00
2018.05.30 16:11:39.355,0.69118,0.69137,1.87,1.00
2018.05.30 16:11:40.236,0.6912,0.69136,1.00,1.00
2018.05.30 16:11:46.939,0.69117,0.69135,1.50,1.00
2018.05.30 16:11:51.105,0.69118,0.69136,1.00,1.00
2018.05.30 16:12:03.835,0.69119,0.69137,1.00,1.00
2018.05.30 16:12:04.351,0.69119,0.69136,1.00,1.00
2018.05.30 16:12:06.349,0.69118,0.69136,1.00,1.00
2018.05.30 16:12:06.989,0.69117,0.69135,1.00,1.00
2018.05.30 16:12:07.759,0.69118,0.69133,1.00,1.00
2018.05.30 16:12:08.869,0.69116,0.69133,1.50,1.00
2018.05.30 16:12:09.715,0.69118,0.69134,1.00,1.00
2018.05.30 16:12:10.263,0.69117,0.69133,1.50,1.00
2018.05.30 16:12:11.047,0.69117,0.69135,1.00,1.12
2018.05.30 16:12:12.638,0.69117,0.69133,1.00,1.00
2018.05.30 16:12:13.050,0.69121,0.69137,1.00,1.37
2018.05.30 16:12:13.101,0.69119,0.69137,1.00,1.50
2018.05.30 16:12:13.681,0.69119,0.69136,1.00,1.00
2018.05.30 16:12:15.426,0.69119,0.69137,1.00,1.50
2018.05.30 16:12:15.987,0.6912,0.69137,1.00,1.00
2018.05.30 16:12:16.507,0.6912,0.69138,1.00,1.87
2018.05.30 16:12:17.016,0.69119,0.69137,1.00,1.00
2018.05.30 16:12:18.034,0.6912,0.69137,1.00,1.00
2018.05.30 16:12:18.435,0.69126,0.69137,1.00,1.00
2018.05.30 16:12:18.487,0.69126,0.69142,1.00,2.25
2018.05.30 16:12:19.761,0.69126,0.69143,1.00,1.87
2018.05.30 16:12:21.300,0.69125,0.69141,1.00,1.50
2018.05.30 16:12:22.759,0.69123,0.69141,1.00,1.00
2018.05.30 16:12:23.370,0.69125,0.69142,1.00,1.87
2018.05.30 16:12:24.904,0.69126,0.69144,1.00,1.95
2018.05.30 16:12:25.422,0.69125,0.69143,1.00,1.50
2018.05.30 16:12:25.778,0.69124,0.6914,1.00,1.50
2018.05.30 16:12:27.200,0.69123,0.69139,1.00,1.00
2018.05.30 16:12:27.740,0.69124,0.6914,1.00,1.50
2018.05.30 16:12:28.513,0.69123,0.69139,1.00,1.00
2018.05.30 16:12:29.058,0.69123,0.6914,1.00,1.00
2018.05.30 16:12:29.941,0.69125,0.6914,1.00,1.00
2018.05.30 16:12:30.538,0.69125,0.69139,1.00,1.00
2018.05.30 16:12:31.064,0.69124,0.69139,1.00,1.00
2018.05.30 16:12:36.347,0.69123,0.69139,1.00,1.00
2018.05.30 16:12:37.761,0.69124,0.69139,1.00,1.00
2018.05.30 16:12:39.758,0.69123,0.69139,1.00,1.00
2018.05.30 16:12:40.216,0.69123,0.69141,1.00,1.00
2018.05.30 16:12:41.716,0.69127,0.69143,1.00,1.10
2018.05.30 16:12:41.767,0.69127,0.69145,1.00,1.12
2018.05.30 16:12:41.997,0.6913,0.69146,1.00,1.00
2018.05.30 16:12:44.879,0.6913,0.69148,1.00,1.12
2018.05.30 16:12:47.154,0.69128,0.69147,1.00,1.00
2018.05.30 16:12:47.663,0.69129,0.69147,1.50,1.00
2018.05.30 16:12:49.209,0.6913,0.69148,1.00,1.12
2018.05.30 16:12:50.399,0.69129,0.69147,1.00,1.00
2018.05.30 16:12:50.508,0.69128,0.69144,1.00,1.00
2018.05.30 16:12:51.014,0.69129,0.69145,1.00,1.00
2018.05.30 16:12:51.116,0.69127,0.69145,1.00,1.00
2018.05.30 16:12:51.168,0.69129,0.69145,1.00,1.00
2018.05.30 16:12:51.564,0.69127,0.69145,1.00,1.00
2018.05.30 16:12:52.713,0.69128,0.69146,1.00,1.00
2018.05.30 16:12:52.969,0.69128,0.69144,1.00,1.00
2018.05.30 16:12:54.694,0.69126,0.69144,1.00,1.00
2018.05.30 16:12:55.237,0.69127,0.69145,1.00,1.00
2018.05.30 16:13:00.421,0.69128,0.69146,1.00,1.00
2018.05.30 16:13:00.769,0.6913,0.69146,1.00,1.00
2018.05.30 16:13:00.820,0.69128,0.69146,1.50,1.00
2018.05.30 16:13:00.871,0.69129,0.69144,1.00,1.00
2018.05.30 16:13:01.082,0.69128,0.69146,1.50,1.00
2018.05.30 16:13:01.870,0.69127,0.69145,1.00,1.00
2018.05.30 16:13:02.441,0.69128,0.69146,1.00,1.00
2018.05.30 16:13:03.500,0.69127,0.69145,1.50,1.00
2018.05.30 16:13:03.809,0.69126,0.69143,1.00,1.00
2018.05.30 16:13:04.390,0.69125,0.69143,2.25,1.00
2018.05.30 16:13:06.348,0.69125,0.69141,1.00,1.00
2018.05.30 16:13:06.662,0.69121,0.69139,1.00,1.00
2018.05.30 16:13:06.764,0.69121,0.69137,1.00,1.00
2018.05.30 16:13:06.967,0.6912,0.69139,1.00,1.00
2018.05.30 16:13:07.069,0.69122,0.69139,1.00,1.00
2018.05.30 16:13:07.692,0.69121,0.69141,1.50,1.00
2018.05.30 16:13:07.744,0.69122,0.69138,1.00,1.00
2018.05.30 16:13:07.946,0.6912,0.69138,1.00,1.00
2018.05.30 16:13:08.449,0.69126,0.69143,1.00,1.20
2018.05.30 16:13:08.551,0.69124,0.69142,1.10,1.00
2018.05.30 16:13:09.060,0.69125,0.69143,1.00,1.00
2018.05.30 16:13:10.462,0.69126,0.69144,1.00,1.00
2018.05.30 16:13:10.779,0.69125,0.69141,1.00,1.00
2018.05.30 16:13:10.830,0.69123,0.69141,1.00,1.00
2018.05.30 16:13:11.186,0.69125,0.6914,1.00,1.00
2018.05.30 16:13:11.313,0.69124,0.69142,1.00,1.00
2018.05.30 16:13:11.364,0.69122,0.6914,1.50,1.00
2018.05.30 16:13:11.670,0.69122,0.69138,1.00,1.00
2018.05.30 16:13:13.091,0.69121,0.69137,1.00,1.00
2018.05.30 16:13:13.604,0.69119,0.69137,1.50,1.00
2018.05.30 16:13:13.921,0.69121,0.69137,1.00,1.00
2018.05.30 16:13:14.190,0.69119,0.69137,1.50,1.00
2018.05.30 16:13:14.824,0.6912,0.69138,1.00,1.37
2018.05.30 16:13:15.530,0.69121,0.69139,1.00,1.37
2018.05.30 16:13:17.661,0.6912,0.69138,1.00,1.00
2018.05.30 16:13:18.301,0.69121,0.69137,1.00,1.00
2018.05.30 16:13:18.404,0.69119,0.69138,1.00,1.00
2018.05.30 16:13:19.049,0.69119,0.69137,1.00,1.00
2018.05.30 16:13:19.102,0.69119,0.69135,1.00,1.00
2018.05.30 16:13:19.512,0.69119,0.69137,1.00,1.00
2018.05.30 16:13:19.877,0.69116,0.69134,1.20,1.00
2018.05.30 16:13:20.183,0.6912,0.69138,1.00,1.37
2018.05.30 16:13:20.315,0.6912,0.69138,1.00,1.12
2018.05.30 16:13:21.188,0.69121,0.69139,1.00,1.37
2018.05.30 16:13:21.239,0.69124,0.6914,1.00,1.00
2018.05.30 16:13:21.581,0.69122,0.69141,1.00,1.00
2018.05.30 16:13:21.683,0.69124,0.69142,1.50,1.12
2018.05.30 16:13:22.003,0.69126,0.69142,1.00,1.00
2018.05.30 16:13:22.685,0.69124,0.69141,1.00,1.00
2018.05.30 16:13:23.100,0.69125,0.69143,1.00,1.00
2018.05.30 16:13:23.303,0.69128,0.69144,1.00,1.00
2018.05.30 16:13:23.583,0.69126,0.69144,1.00,1.00
2018.05.30 16:13:23.688,0.69128,0.69146,1.00,1.00
2018.05.30 16:13:24.098,0.69126,0.69144,1.00,1.00
2018.05.30 16:13:24.403,0.69128,0.69144,1.00,1.00
2018.05.30 16:13:26.603,0.69128,0.69146,1.00,1.00
2018.05.30 16:13:26.968,0.69127,0.69143,1.00,1.00
2018.05.30 16:13:27.601,0.69126,0.69144,1.00,1.00
2018.05.30 16:13:28.092,0.69128,0.69144,1.00,1.00
2018.05.30 16:13:29.164,0.69129,0.69144,1.00,1.00
2018.05.30 16:13:29.676,0.69128,0.69144,1.00,1.00
2018.05.30 16:13:29.984,0.69125,0.69141,1.00,1.00
2018.05.30 16:13:32.568,0.69125,0.69142,1.00,1.00
2018.05.30 16:13:33.285,0.69123,0.69141,1.00,1.00
2018.05.30 16:13:33.390,0.69125,0.69141,1.00,1.00
2018.05.30 16:13:35.708,0.69125,0.69142,1.00,1.00
2018.05.30 16:13:36.062,0.69124,0.6914,1.00,1.00
2018.05.30 16:13:36.586,0.69125,0.69141,1.00,1.00
2018.05.30 16:13:39.789,0.69125,0.69142,1.00,1.00
2018.05.30 16:13:40.392,0.69123,0.69141,1.00,1.00
2018.05.30 16:13:41.269,0.6912,0.69138,1.50,1.00
2018.05.30 16:13:41.607,0.69123,0.69141,1.00,1.00
2018.05.30 16:13:47.390,0.69121,0.69137,1.00,1.00
2018.05.30 16:13:47.441,0.69119,0.69137,1.00,1.00
2018.05.30 16:13:49.485,0.69121,0.69137,1.00,1.00
2018.05.30 16:13:51.369,0.6912,0.69136,1.00,1.00
2018.05.30 16:13:54.052,0.69123,0.69141,1.00,1.00
2018.05.30 16:13:54.585,0.69124,0.69142,1.00,1.00
2018.05.30 16:13:55.052,0.69122,0.6914,1.00,1.00
2018.05.30 16:14:00.119,0.69121,0.69139,1.50,1.00
2018.05.30 16:14:00.609,0.69123,0.6914,1.00,1.00
2018.05.30 16:14:02.333,0.69122,0.69139,1.00,1.00
2018.05.30 16:14:03.227,0.69123,0.69141,1.00,1.12
2018.05.30 16:14:05.343,0.69124,0.69141,1.00,1.12
2018.05.30 16:14:05.444,0.69124,0.69141,1.00,1.37
2018.05.30 16:14:05.701,0.69124,0.69141,1.00,1.00
2018.05.30 16:14:06.296,0.69126,0.69142,1.00,1.00
2018.05.30 16:14:06.397,0.69123,0.69141,1.00,1.00
2018.05.30 16:14:09.759,0.69124,0.69142,1.00,1.12
2018.05.30 16:14:10.930,0.69124,0.69142,1.00,1.37
2018.05.30 16:14:11.056,0.69122,0.6914,1.00,1.00
2018.05.30 16:14:11.107,0.69122,0.69138,1.00,1.00
2018.05.30 16:14:11.648,0.6912,0.69138,1.00,1.00
2018.05.30 16:14:16.922,0.69121,0.69138,1.00,1.00
2018.05.30 16:14:17.362,0.69122,0.6914,1.00,1.00
2018.05.30 16:14:18.301,0.69123,0.69141,1.00,1.00
2018.05.30 16:14:20.035,0.69125,0.69141,1.00,1.00
2018.05.30 16:14:21.396,0.69123,0.69141,1.00,1.00
2018.05.30 16:14:24.790,0.69124,0.69142,1.00,1.00
2018.05.30 16:14:26.765,0.69123,0.69141,1.00,1.00
2018.05.30 16:14:26.918,0.69125,0.69141,1.00,1.00
2018.05.30 16:14:30.606,0.69124,0.6914,1.00,1.00
2018.05.30 16:14:32.496,0.69125,0.69141,1.00,1.00
2018.05.30 16:14:34.051,0.69125,0.69143,1.00,1.87
2018.05.30 16:14:34.347,0.69126,0.69144,1.00,1.00
2018.05.30 16:14:35.891,0.69126,0.69144,1.00,1.37
2018.05.30 16:14:38.156,0.69124,0.69139,1.00,1.00
2018.05.30 16:14:38.544,0.6912,0.69138,2.25,1.00
2018.05.30 16:14:39.073,0.69121,0.69139,1.50,1.00
2018.05.30 16:14:41.166,0.69121,0.69138,1.00,1.00
2018.05.30 16:14:41.794,0.69122,0.69138,1.00,1.00
2018.05.30 16:14:42.628,0.6912,0.69138,1.00,1.12
2018.05.30 16:14:43.786,0.69121,0.69139,1.50,1.00
2018.05.30 16:14:44.293,0.69122,0.6914,1.00,1.00
2018.05.30 16:14:44.717,0.6912,0.69138,1.00,1.12
2018.05.30 16:14:45.058,0.69122,0.69138,1.00,1.00
2018.05.30 16:14:45.579,0.69121,0.69137,1.00,1.00
2018.05.30 16:14:46.179,0.69121,0.69139,1.00,1.00
2018.05.30 16:14:47.196,0.69121,0.69139,1.00,1.37
2018.05.30 16:14:47.443,0.69119,0.69137,1.50,1.00
2018.05.30 16:14:51.364,0.6912,0.69137,1.00,1.00
2018.05.30 16:14:51.675,0.69121,0.69139,1.00,1.12
2018.05.30 16:14:51.726,0.69121,0.69137,1.00,1.00
2018.05.30 16:14:53.234,0.69121,0.69137,1.00,1.37
2018.05.30 16:14:53.776,0.69119,0.69137,1.00,1.37
2018.05.30 16:14:54.364,0.6912,0.69138,1.00,1.37
2018.05.30 16:14:54.827,0.69121,0.69139,1.00,1.00
2018.05.30 16:14:54.878,0.69123,0.69139,1.00,1.00
2018.05.30 16:14:54.984,0.69123,0.69141,1.00,1.12
2018.05.30 16:14:55.527,0.69124,0.69142,1.00,1.12
2018.05.30 16:14:55.857,0.69121,0.69139,1.50,1.00
2018.05.30 16:14:56.389,0.69122,0.6914,1.00,1.00
2018.05.30 16:14:56.921,0.69122,0.69138,1.00,1.00
2018.05.30 16:14:56.972,0.6912,0.69138,1.50,1.00
2018.05.30 16:14:58.226,0.6912,0.69137,1.50,1.00
2018.05.30 16:14:58.328,0.69122,0.6914,1.00,1.00
2018.05.30 16:14:58.675,0.69125,0.69141,1.00,1.00
2018.05.30 16:14:59.048,0.69125,0.69143,1.00,1.00
2018.05.30 16:15:00.116,0.69128,0.69144,1.00,1.20
2018.05.30 16:15:00.319,0.69126,0.69144,1.50,1.00
2018.05.30 16:15:00.837,0.69127,0.69145,1.00,1.00
2018.05.30 16:15:01.388,0.69127,0.69143,1.00,1.12
2018.05.30 16:15:01.489,0.69125,0.69143,1.00,1.12
2018.05.30 16:15:01.540,0.69123,0.69141,2.32,1.00
2018.05.30 16:15:01.846,0.69121,0.69139,1.00,1.00
2018.05.30 16:15:03.173,0.69121,0.69138,1.00,1.00
2018.05.30 16:15:03.987,0.6912,0.69138,1.00,1.37
2018.05.30 16:15:04.243,0.69122,0.6914,1.00,1.20
2018.05.30 16:15:04.294,0.69124,0.69142,1.00,1.00
2018.05.30 16:15:04.845,0.69125,0.69143,1.00,1.00
2018.05.30 16:15:08.659,0.69125,0.69141,1.00,1.00
2018.05.30 16:15:09.759,0.69125,0.69143,1.00,1.00
2018.05.30 16:15:10.296,0.69125,0.69141,1.00,1.00
2018.05.30 16:15:10.557,0.69125,0.69143,1.00,1.00
2018.05.30 16:15:11.126,0.69126,0.69142,1.00,1.00
2018.05.30 16:15:11.717,0.69124,0.69142,1.00,1.00
2018.05.30 16:15:12.246,0.69125,0.69143,1.00,1.00
2018.05.30 16:15:13.591,0.69122,0.69138,1.00,1.00
2018.05.30 16:15:14.244,0.69124,0.6914,1.00,1.10
2018.05.30 16:15:14.535,0.69125,0.69143,1.00,1.00
2018.05.30 16:15:16.644,0.69124,0.69142,1.00,1.00
2018.05.30 16:15:17.253,0.69123,0.69142,2.25,1.00
2018.05.30 16:15:17.406,0.69125,0.69141,1.00,1.00
2018.05.30 16:15:17.966,0.69123,0.69141,2.32,1.00
2018.05.30 16:15:19.207,0.69124,0.69142,1.00,1.00
2018.05.30 16:15:23.602,0.69124,0.69142,1.00,1.37
2018.05.30 16:15:23.654,0.69123,0.69139,1.00,1.00
2018.05.30 16:15:23.910,0.6912,0.69138,1.50,1.12
2018.05.30 16:15:24.474,0.69119,0.69137,1.87,1.00
2018.05.30 16:15:25.164,0.6912,0.69138,1.00,1.12
2018.05.30 16:15:26.092,0.6912,0.69136,1.12,1.00
2018.05.30 16:15:26.742,0.6912,0.69136,1.12,1.37
2018.05.30 16:15:27.255,0.69117,0.69135,2.25,1.12
2018.05.30 16:15:27.783,0.69118,0.69136,1.00,1.37
2018.05.30 16:15:28.322,0.69117,0.69135,1.50,1.12
2018.05.30 16:15:28.723,0.69116,0.69134,1.00,1.37
2018.05.30 16:15:28.774,0.69114,0.69132,1.12,1.12
2018.05.30 16:15:29.322,0.69114,0.69132,1.12,1.37
2018.05.30 16:15:30.142,0.69114,0.6913,1.12,1.00
2018.05.30 16:15:32.829,0.69115,0.69133,1.00,1.87
2018.05.30 16:15:33.332,0.69114,0.69132,1.00,1.00
2018.05.30 16:15:34.062,0.69115,0.69133,1.00,1.00
2018.05.30 16:15:34.216,0.69118,0.69134,1.12,1.12
2018.05.30 16:15:34.518,0.69116,0.69132,1.00,1.00
2018.05.30 16:15:35.027,0.69114,0.69132,1.00,1.00
2018.05.30 16:15:35.180,0.69117,0.69135,1.00,1.10
2018.05.30 16:15:35.860,0.69118,0.69135,1.50,1.12
2018.05.30 16:15:36.170,0.69117,0.69133,1.50,1.00
2018.05.30 16:15:36.272,0.69114,0.69132,1.00,1.00
2018.05.30 16:15:36.476,0.69116,0.69133,1.00,1.00
2018.05.30 16:15:36.857,0.69117,0.69135,1.00,1.12
2018.05.30 16:15:37.477,0.69116,0.69134,1.00,1.00
2018.05.30 16:15:38.111,0.69117,0.69135,1.00,1.12
2018.05.30 16:15:38.263,0.69122,0.69138,1.00,1.45
2018.05.30 16:15:38.315,0.69122,0.6914,1.00,1.00
2018.05.30 16:15:38.640,0.69124,0.69141,1.00,1.00
2018.05.30 16:15:38.801,0.6912,0.69138,1.10,1.00
2018.05.30 16:15:39.331,0.69118,0.69136,1.00,1.00
2018.05.30 16:15:39.706,0.69122,0.69136,1.00,1.00
2018.05.30 16:15:39.808,0.6912,0.69136,1.00,1.00
2018.05.30 16:15:40.119,0.6912,0.69138,1.50,1.00
2018.05.30 16:15:40.324,0.69123,0.69139,1.00,1.00
2018.05.30 16:15:40.638,0.69121,0.69137,1.00,1.00
2018.05.30 16:15:40.740,0.69121,0.69139,1.00,1.00
2018.05.30 16:15:41.289,0.69122,0.6914,1.00,1.00
2018.05.30 16:15:42.223,0.69122,0.69138,1.00,1.00
2018.05.30 16:15:42.385,0.6912,0.69138,1.00,1.00
2018.05.30 16:15:43.500,0.69121,0.69139,1.00,1.00
2018.05.30 16:15:43.552,0.69121,0.69137,1.00,1.00
2018.05.30 16:15:43.603,0.69121,0.69139,1.00,1.00
2018.05.30 16:15:44.494,0.69122,0.69137,1.00,1.00
2018.05.30 16:15:44.597,0.69121,0.69139,1.00,1.00
2018.05.30 16:15:46.131,0.69122,0.6914,1.00,1.12
2018.05.30 16:15:46.760,0.69122,0.69139,1.00,1.00
2018.05.30 16:15:49.368,0.69122,0.6914,1.00,1.00
2018.05.30 16:15:49.596,0.6912,0.69138,1.00,1.00
2018.05.30 16:15:49.906,0.69122,0.6914,1.00,1.00
2018.05.30 16:15:51.459,0.69121,0.69139,1.00,1.00
2018.05.30 16:15:52.087,0.69119,0.69137,2.25,1.00
2018.05.30 16:15:52.805,0.69118,0.69136,2.25,1.00
2018.05.30 16:15:53.812,0.69119,0.69137,1.00,1.00
2018.05.30 16:15:57.262,0.6912,0.69137,1.00,1.00
2018.05.30 16:15:57.367,0.69123,0.69141,1.00,1.00
2018.05.30 16:15:57.874,0.69124,0.69142,1.00,1.00
2018.05.30 16:15:57.925,0.69124,0.6914,1.00,1.00
2018.05.30 16:15:58.872,0.69125,0.69141,1.00,1.00
2018.05.30 16:15:59.338,0.69122,0.6914,1.10,1.00
2018.05.30 16:15:59.807,0.69124,0.6914,1.00,1.00
2018.05.30 16:15:59.908,0.69124,0.69142,1.00,1.00
2018.05.30 16:16:01.503,0.69122,0.6914,1.00,1.00
2018.05.30 16:16:01.809,0.6912,0.69136,1.00,1.00
2018.05.30 16:16:02.064,0.69118,0.69136,1.00,1.00
2018.05.30 16:16:02.806,0.69118,0.69135,1.00,1.00
2018.05.30 16:16:03.163,0.6912,0.69136,1.00,1.00
2018.05.30 16:16:03.366,0.6912,0.69138,1.50,1.00
2018.05.30 16:16:03.910,0.69121,0.69139,1.00,1.00
2018.05.30 16:16:04.245,0.69119,0.69137,1.00,1.00
2018.05.30 16:16:07.531,0.69118,0.69136,1.50,1.00
2018.05.30 16:16:08.148,0.69119,0.69137,1.00,1.00
2018.05.30 16:16:08.809,0.6912,0.69136,1.00,1.00
2018.05.30 16:16:08.942,0.69118,0.69136,1.50,1.00
2018.05.30 16:16:09.238,0.6912,0.69136,1.00,1.00
2018.05.30 16:16:09.701,0.69118,0.69136,1.50,1.00
2018.05.30 16:16:09.803,0.6912,0.69136,1.00,1.00
2018.05.30 16:16:09.905,0.69121,0.69138,1.00,1.00
2018.05.30 16:16:10.061,0.69123,0.69139,1.00,1.00
2018.05.30 16:16:10.506,0.69123,0.69141,1.00,1.00
2018.05.30 16:16:13.080,0.69124,0.69142,1.00,1.00
2018.05.30 16:16:13.489,0.69122,0.6914,1.57,1.00
2018.05.30 16:16:13.794,0.69119,0.69137,1.50,1.00
2018.05.30 16:16:14.353,0.69118,0.69136,1.50,1.00
2018.05.30 16:16:15.203,0.69119,0.69137,1.00,1.00
2018.05.30 16:16:17.167,0.69119,0.69136,1.00,1.00
2018.05.30 16:16:17.784,0.69121,0.69137,1.00,1.00
2018.05.30 16:16:18.108,0.69124,0.6914,1.00,1.00
2018.05.30 16:16:20.075,0.69123,0.6914,1.00,1.00
2018.05.30 16:16:20.178,0.69124,0.69142,1.00,1.12
2018.05.30 16:16:20.331,0.69124,0.6914,1.00,1.00
2018.05.30 16:16:20.739,0.69126,0.69141,1.00,1.00
2018.05.30 16:16:20.841,0.69124,0.69142,1.10,1.12
2018.05.30 16:16:22.806,0.69123,0.69141,1.50,1.00
2018.05.30 16:16:23.008,0.69125,0.69141,1.00,1.00
2018.05.30 16:16:24.241,0.69123,0.69141,1.50,1.00
2018.05.30 16:16:24.796,0.69124,0.69142,1.00,1.00
2018.05.30 16:16:25.566,0.69124,0.6914,1.00,1.00
2018.05.30 16:16:26.195,0.69124,0.69142,1.00,1.00
2018.05.30 16:16:28.838,0.69124,0.6914,1.00,1.00
2018.05.30 16:16:29.158,0.69124,0.69142,1.00,1.00
2018.05.30 16:16:30.235,0.69123,0.69141,2.25,1.00
2018.05.30 16:16:30.557,0.69125,0.69141,1.00,1.00
2018.05.30 16:16:30.659,0.69123,0.69141,1.00,1.00
2018.05.30 16:16:31.193,0.69124,0.69142,1.00,1.00
2018.05.30 16:16:33.073,0.69125,0.69141,1.00,1.00
2018.05.30 16:16:36.355,0.69126,0.69141,1.00,1.00
2018.05.30 16:16:37.795,0.69125,0.69143,1.00,1.00
2018.05.30 16:16:39.872,0.69127,0.69143,1.00,1.00
2018.05.30 16:16:40.779,0.69125,0.69143,1.00,1.00
2018.05.30 16:16:41.468,0.69124,0.6914,1.50,1.00
2018.05.30 16:16:45.798,0.69122,0.6914,1.50,1.00
2018.05.30 16:16:45.850,0.69124,0.69141,1.00,1.12
2018.05.30 16:16:46.382,0.69123,0.6914,1.00,1.00
2018.05.30 16:16:46.696,0.69123,0.69136,1.00,1.00
2018.05.30 16:16:46.819,0.6912,0.69136,1.00,1.00
2018.05.30 16:16:47.621,0.69117,0.69135,1.50,1.00
2018.05.30 16:16:48.677,0.69121,0.69137,1.00,1.20
2018.05.30 16:16:48.729,0.69123,0.69141,1.00,1.37
2018.05.30 16:16:49.661,0.69122,0.6914,1.50,1.12
2018.05.30 16:16:49.884,0.69125,0.69141,1.00,1.00
2018.05.30 16:16:50.420,0.69124,0.69141,1.00,1.00
2018.05.30 16:16:51.137,0.69123,0.69141,1.00,1.00
2018.05.30 16:16:51.472,0.69125,0.69141,1.00,1.00
2018.05.30 16:16:54.734,0.6912,0.69137,1.12,1.00
2018.05.30 16:16:54.837,0.6912,0.69135,1.00,1.00
2018.05.30 16:16:56.428,0.69119,0.69137,1.00,1.00
2018.05.30 16:16:56.736,0.6912,0.69135,1.00,1.00
2018.05.30 16:16:57.182,0.69119,0.69137,1.00,1.00
2018.05.30 16:16:58.202,0.69118,0.69135,1.00,1.00
2018.05.30 16:16:58.848,0.69119,0.69135,1.00,1.00
2018.05.30 16:16:59.200,0.69121,0.69135,1.00,1.00
2018.05.30 16:17:00.167,0.69119,0.69135,1.00,1.00
2018.05.30 16:17:00.370,0.69117,0.69135,1.57,1.00
2018.05.30 16:17:00.471,0.69116,0.69133,1.00,1.00
2018.05.30 16:17:00.976,0.69115,0.69133,1.00,1.00
2018.05.30 16:17:02.252,0.69116,0.69134,1.00,1.87
2018.05.30 16:17:02.566,0.69119,0.69135,1.00,1.00
2018.05.30 16:17:03.362,0.69118,0.69136,1.50,1.12
2018.05.30 16:17:04.533,0.69121,0.69139,1.00,1.00
2018.05.30 16:17:06.348,0.69123,0.69139,1.00,1.00
2018.05.30 16:17:06.556,0.69121,0.69139,1.00,1.00
2018.05.30 16:17:07.612,0.69122,0.6914,1.00,1.00
2018.05.30 16:17:08.324,0.69121,0.69139,1.00,1.00
2018.05.30 16:17:08.946,0.69122,0.6914,1.00,1.00
2018.05.30 16:17:12.440,0.69124,0.6914,1.00,1.00
2018.05.30 16:17:16.487,0.69122,0.6914,1.50,1.00
2018.05.30 16:17:18.860,0.69122,0.69138,1.00,1.00
2018.05.30 16:17:18.911,0.6912,0.69138,1.50,1.00
2018.05.30 16:17:19.097,0.69121,0.69138,1.00,1.37
2018.05.30 16:17:19.354,0.69122,0.6914,1.50,1.10
2018.05.30 16:17:20.077,0.69122,0.6914,1.50,1.37
2018.05.30 16:17:20.619,0.69123,0.69139,1.00,1.00
2018.05.30 16:17:21.428,0.69121,0.69139,1.00,1.00
2018.05.30 16:17:22.044,0.69122,0.6914,1.00,1.12
2018.05.30 16:17:22.587,0.69122,0.6914,1.00,1.37
2018.05.30 16:17:23.060,0.6912,0.69138,2.25,1.00
2018.05.30 16:17:23.339,0.69122,0.6914,1.00,1.12
2018.05.30 16:17:24.276,0.69121,0.69137,1.00,1.00
2018.05.30 16:17:24.430,0.69121,0.69139,1.00,1.00
2018.05.30 16:17:25.241,0.69124,0.69139,1.00,1.00
2018.05.30 16:17:25.343,0.69124,0.69142,1.00,1.37
2018.05.30 16:17:26.781,0.69124,0.69142,1.00,1.00
2018.05.30 16:17:28.329,0.69126,0.69142,1.00,1.00
2018.05.30 16:17:29.639,0.69123,0.69141,1.00,1.00
2018.05.30 16:17:30.656,0.69126,0.69142,1.00,1.00
2018.05.30 16:17:30.904,0.69124,0.69142,1.00,1.00
2018.05.30 16:17:33.134,0.69125,0.69143,1.00,1.87
2018.05.30 16:17:33.185,0.69123,0.69141,1.00,1.00
2018.05.30 16:17:33.711,0.69122,0.6914,1.00,1.00
2018.05.30 16:17:36.348,0.69122,0.69139,1.00,1.00
2018.05.30 16:17:37.354,0.69121,0.69139,1.50,1.00
2018.05.30 16:17:39.335,0.69121,0.69137,1.00,1.00
2018.05.30 16:17:39.491,0.69117,0.69135,1.10,1.00
2018.05.30 16:17:40.063,0.69117,0.69134,1.00,1.00
2018.05.30 16:17:40.670,0.69117,0.69135,1.00,1.00
2018.05.30 16:17:42.789,0.69116,0.69133,1.50,1.00
2018.05.30 16:17:43.322,0.69116,0.69134,1.50,1.00
2018.05.30 16:17:43.801,0.69118,0.69135,1.00,1.00
2018.05.30 16:17:44.326,0.69117,0.69135,1.00,1.00
2018.05.30 16:17:44.811,0.69117,0.69133,1.00,1.00
2018.05.30 16:17:45.382,0.69116,0.69132,1.50,1.00
2018.05.30 16:17:45.812,0.69117,0.69135,1.00,1.00
2018.05.30 16:17:46.481,0.69116,0.69134,1.00,1.00
2018.05.30 16:17:48.970,0.69116,0.69132,1.50,1.00
2018.05.30 16:17:49.173,0.69117,0.69135,1.00,1.00
2018.05.30 16:17:49.691,0.69116,0.69134,1.50,1.00
2018.05.30 16:17:51.410,0.69117,0.69135,1.00,1.00
2018.05.30 16:17:54.790,0.69116,0.69133,1.00,1.00
2018.05.30 16:17:55.342,0.69116,0.69134,1.50,1.12
2018.05.30 16:17:57.629,0.69117,0.69135,1.00,1.12
2018.05.30 16:17:58.029,0.69116,0.69134,1.00,1.37
2018.05.30 16:17:58.903,0.69117,0.69135,1.00,1.12
2018.05.30 16:17:59.456,0.69116,0.69134,1.00,1.00
2018.05.30 16:17:59.999,0.69117,0.69135,1.00,1.00
2018.05.30 16:18:00.751,0.69116,0.69134,1.00,1.00
2018.05.30 16:18:00.853,0.69118,0.69134,1.00,1.00
2018.05.30 16:18:01.531,0.69117,0.69134,1.00,1.00
2018.05.30 16:18:02.075,0.69117,0.69133,1.00,1.00
2018.05.30 16:18:06.349,0.69118,0.69134,1.00,1.00
2018.05.30 16:18:14.932,0.69116,0.69134,1.50,1.00
2018.05.30 16:18:15.480,0.69117,0.69133,1.00,1.00
2018.05.30 16:18:16.345,0.69115,0.69133,3.00,1.00
2018.05.30 16:18:16.603,0.69117,0.69135,1.50,1.00
2018.05.30 16:18:17.039,0.69119,0.69135,1.00,1.00
2018.05.30 16:18:18.885,0.69118,0.69135,1.00,1.00
2018.05.30 16:18:19.241,0.69124,0.6914,1.00,1.00
2018.05.30 16:18:19.293,0.69119,0.69137,1.10,1.00
2018.05.30 16:18:19.345,0.69119,0.69134,1.00,1.00
2018.05.30 16:18:19.397,0.6912,0.69136,1.00,1.00
2018.05.30 16:18:19.451,0.69124,0.69142,1.00,1.37
2018.05.30 16:18:19.553,0.69124,0.69141,1.00,1.00
2018.05.30 16:18:20.049,0.69126,0.69142,1.00,1.00
2018.05.30 16:18:22.377,0.69126,0.69144,1.00,1.12
2018.05.30 16:18:22.717,0.69126,0.69142,1.00,1.00
2018.05.30 16:18:23.991,0.69127,0.69143,1.00,1.00
2018.05.30 16:18:24.765,0.69125,0.69144,1.50,1.37
2018.05.30 16:18:25.295,0.69126,0.69142,1.00,1.00
2018.05.30 16:18:27.524,0.69126,0.69144,1.00,1.37
2018.05.30 16:18:28.197,0.69125,0.69142,1.00,1.00
2018.05.30 16:18:28.722,0.69126,0.69143,1.00,1.12
2018.05.30 16:18:29.302,0.69125,0.69142,1.50,1.12
2018.05.30 16:18:34.740,0.69125,0.69143,1.50,1.00
2018.05.30 16:18:35.265,0.69126,0.69144,1.00,1.00
2018.05.30 16:18:36.348,0.69125,0.69143,1.50,1.00
2018.05.30 16:18:38.366,0.69126,0.69144,1.00,1.00
2018.05.30 16:18:39.764,0.69125,0.69143,1.50,1.00
2018.05.30 16:18:43.163,0.69127,0.69143,1.00,1.00
2018.05.30 16:18:44.250,0.69125,0.69143,1.00,1.00
2018.05.30 16:18:44.354,0.69124,0.69141,1.50,1.00
2018.05.30 16:18:45.625,0.69124,0.69142,1.50,1.12
2018.05.30 16:18:46.154,0.69125,0.69143,1.00,1.37
2018.05.30 16:18:47.754,0.69125,0.69143,1.50,1.00
2018.05.30 16:18:48.301,0.69125,0.69141,1.50,1.00
2018.05.30 16:18:51.276,0.69125,0.6914,1.50,1.12
2018.05.30 16:18:51.709,0.69125,0.69142,1.00,1.00
2018.05.30 16:18:52.331,0.69124,0.69142,1.00,1.00
2018.05.30 16:18:52.843,0.69125,0.69142,1.00,1.00
2018.05.30 16:18:54.796,0.69125,0.69143,1.00,1.00
2018.05.30 16:18:57.100,0.69124,0.69142,1.50,1.00
2018.05.30 16:18:57.692,0.69125,0.69142,1.00,1.12
2018.05.30 16:18:58.211,0.69124,0.69142,1.00,1.12
2018.05.30 16:18:58.725,0.69122,0.6914,1.50,1.12
2018.05.30 16:18:59.575,0.69124,0.69141,1.00,1.10
2018.05.30 16:19:00.091,0.69125,0.69141,1.00,1.00
2018.05.30 16:19:01.599,0.69123,0.69139,1.50,1.00
2018.05.30 16:19:02.423,0.69123,0.6914,1.50,1.00
2018.05.30 16:19:03.793,0.69124,0.69142,1.00,1.37
2018.05.30 16:19:04.396,0.69123,0.69141,1.50,1.12
2018.05.30 16:19:05.796,0.69122,0.69139,1.00,1.12
2018.05.30 16:19:06.110,0.69124,0.6914,1.00,1.00
2018.05.30 16:19:09.141,0.69124,0.69142,1.00,1.12
2018.05.30 16:19:09.605,0.69126,0.69142,1.00,1.00
2018.05.30 16:19:09.658,0.69123,0.69141,1.00,1.00
2018.05.30 16:19:09.761,0.69125,0.69143,1.50,1.12
2018.05.30 16:19:10.106,0.69127,0.69145,1.00,1.00
2018.05.30 16:19:10.411,0.69131,0.69147,1.00,1.00
2018.05.30 16:19:12.621,0.69129,0.69147,1.50,1.00
2018.05.30 16:19:12.879,0.69131,0.69147,1.00,1.47
2018.05.30 16:19:13.337,0.69129,0.69145,1.50,1.00
2018.05.30 16:19:13.552,0.69129,0.69147,1.50,1.12
2018.05.30 16:19:14.163,0.69129,0.69147,1.50,1.95
2018.05.30 16:19:14.929,0.69129,0.69147,1.50,1.00
2018.05.30 16:19:15.121,0.69129,0.69145,1.50,1.00
2018.05.30 16:19:15.275,0.69127,0.69145,1.00,1.00
2018.05.30 16:19:15.326,0.69129,0.69147,1.50,1.12
2018.05.30 16:19:16.373,0.6913,0.69148,1.00,1.00
2018.05.30 16:19:16.678,0.69128,0.69146,1.00,1.00
2018.05.30 16:19:17.103,0.6913,0.69148,1.00,1.12
2018.05.30 16:19:17.458,0.69129,0.69147,1.50,1.37
2018.05.30 16:19:18.288,0.69129,0.69147,1.50,1.00
2018.05.30 16:19:18.856,0.69131,0.69146,1.00,1.00
2018.05.30 16:19:18.991,0.69129,0.69147,1.50,1.00
2018.05.30 16:19:19.613,0.6913,0.69146,1.00,1.00
2018.05.30 16:19:19.717,0.69128,0.69146,2.25,1.00
2018.05.30 16:19:21.053,0.69129,0.69147,1.50,1.00
2018.05.30 16:19:21.626,0.6913,0.69148,1.00,1.00
2018.05.30 16:19:22.160,0.69129,0.69147,1.00,1.00
2018.05.30 16:19:22.747,0.6913,0.69147,1.00,1.00
2018.05.30 16:19:23.709,0.69128,0.69145,1.00,1.00
2018.05.30 16:19:24.264,0.69127,0.69145,1.50,1.00
2018.05.30 16:19:25.063,0.69129,0.69145,1.00,1.00
2018.05.30 16:19:25.566,0.6913,0.69146,1.00,1.00
2018.05.30 16:19:27.365,0.69129,0.69145,1.50,1.00
2018.05.30 16:19:27.582,0.69129,0.69147,1.50,1.12
2018.05.30 16:19:27.923,0.69131,0.69148,1.00,1.37
2018.05.30 16:19:29.111,0.69129,0.69147,1.50,1.12
2018.05.30 16:19:30.717,0.69129,0.69145,1.00,1.00
2018.05.30 16:19:30.768,0.69127,0.69145,1.50,1.00
2018.05.30 16:19:30.985,0.69129,0.69147,1.50,1.00
2018.05.30 16:19:31.289,0.69132,0.69148,1.00,1.12
2018.05.30 16:19:31.632,0.69129,0.69143,1.00,1.12
2018.05.30 16:19:31.797,0.69124,0.69142,1.50,1.00
2018.05.30 16:19:38.456,0.69123,0.6914,1.50,1.12
2018.05.30 16:19:38.971,0.69124,0.6914,1.00,1.00
2018.05.30 16:19:39.023,0.69124,0.69142,1.00,1.12
2018.05.30 16:19:39.761,0.69124,0.69141,1.00,1.00
2018.05.30 16:19:45.068,0.69122,0.69141,1.50,1.00
2018.05.30 16:19:45.307,0.69124,0.69141,1.00,1.00
2018.05.30 16:19:46.761,0.69124,0.6914,1.00,1.00
2018.05.30 16:19:46.813,0.69121,0.69139,1.50,1.00
2018.05.30 16:19:46.864,0.69119,0.69135,2.32,1.00
2018.05.30 16:19:47.170,0.69118,0.69133,1.00,1.00
2018.05.30 16:19:47.710,0.69118,0.69134,1.50,1.00
2018.05.30 16:19:48.498,0.69118,0.69133,1.00,1.00
2018.05.30 16:19:49.563,0.69117,0.69133,1.00,1.00
2018.05.30 16:19:50.863,0.69116,0.69134,1.12,1.00
2018.05.30 16:19:51.222,0.69118,0.69134,1.00,1.00
2018.05.30 16:19:56.038,0.69118,0.69135,1.00,1.00
2018.05.30 16:19:57.666,0.69118,0.69134,1.00,1.00
2018.05.30 16:19:58.395,0.69118,0.69135,1.00,1.00
2018.05.30 16:20:00.375,0.69118,0.69133,1.00,1.00
2018.05.30 16:20:00.425,0.69118,0.69135,1.00,1.00
2018.05.30 16:20:04.131,0.69118,0.69134,1.00,1.00
2018.05.30 16:20:06.365,0.69118,0.69135,1.50,1.00
2018.05.30 16:20:07.010,0.69118,0.69134,1.00,1.00
2018.05.30 16:20:07.699,0.69118,0.69135,1.50,1.00
2018.05.30 16:20:08.363,0.69118,0.69136,1.50,1.00
2018.05.30 16:20:15.888,0.69118,0.69135,1.00,1.00
2018.05.30 16:20:18.477,0.69118,0.69133,1.50,1.00
2018.05.30 16:20:21.348,0.69118,0.69135,1.00,1.00
2018.05.30 16:20:31.279,0.69118,0.69133,1.00,1.00
2018.05.30 16:20:31.934,0.69117,0.69133,1.00,1.00
2018.05.30 16:20:32.450,0.69121,0.69135,1.00,1.00
2018.05.30 16:20:32.608,0.69118,0.69133,1.50,1.00
2018.05.30 16:20:32.864,0.6912,0.69135,1.50,1.00
2018.05.30 16:20:33.405,0.6912,0.69136,1.00,1.00
2018.05.30 16:20:33.908,0.69122,0.69137,1.00,1.00
2018.05.30 16:20:34.433,0.69122,0.69136,1.00,1.00
2018.05.30 16:20:34.985,0.69122,0.69137,1.00,1.00
2018.05.30 16:20:35.758,0.69122,0.69139,1.00,1.37
2018.05.30 16:20:36.304,0.69123,0.69139,1.00,1.12
2018.05.30 16:20:37.701,0.69123,0.69138,1.00,1.00
2018.05.30 16:20:38.847,0.69123,0.69139,1.00,1.12
2018.05.30 16:20:40.572,0.69122,0.6914,1.50,1.37
2018.05.30 16:20:41.005,0.69124,0.69141,1.00,1.37
2018.05.30 16:20:41.060,0.69122,0.69139,2.25,1.12
2018.05.30 16:20:41.647,0.69123,0.69139,1.00,1.12
2018.05.30 16:20:45.296,0.69123,0.69138,1.50,1.00
2018.05.30 16:20:45.834,0.69123,0.69139,1.00,1.12
2018.05.30 16:20:47.031,0.69122,0.69139,1.50,1.12
2018.05.30 16:20:48.374,0.69122,0.69137,1.00,1.00
2018.05.30 16:20:48.879,0.69121,0.69137,2.25,1.00
2018.05.30 16:20:49.931,0.69119,0.69136,1.00,1.00
2018.05.30 16:20:50.232,0.69118,0.69134,1.00,1.00
2018.05.30 16:20:51.358,0.69118,0.69135,1.50,1.00
2018.05.30 16:20:53.049,0.69118,0.69133,1.50,1.00
2018.05.30 16:20:53.577,0.69117,0.69133,1.00,1.00
2018.05.30 16:20:59.018,0.69116,0.6913,1.00,1.00
2018.05.30 16:20:59.070,0.69111,0.69128,1.50,1.00
2018.05.30 16:20:59.576,0.6911,0.69127,1.50,1.00
2018.05.30 16:21:00.925,0.69111,0.69127,1.00,1.00
2018.05.30 16:21:01.536,0.6911,0.69127,1.00,1.00
2018.05.30 16:21:02.064,0.69109,0.69127,2.25,1.00
2018.05.30 16:21:02.544,0.69111,0.69128,1.00,1.00
2018.05.30 16:21:03.091,0.69111,0.69127,1.50,1.00
2018.05.30 16:21:03.763,0.69112,0.69128,1.00,1.00
2018.05.30 16:21:04.267,0.69111,0.69128,1.00,1.00
2018.05.30 16:21:05.279,0.69112,0.69128,1.00,1.00
2018.05.30 16:21:06.349,0.69112,0.6913,1.00,1.00
2018.05.30 16:21:06.659,0.69112,0.69128,1.00,1.00
2018.05.30 16:21:07.184,0.69111,0.69127,1.50,1.00
2018.05.30 16:21:09.375,0.69112,0.69127,1.00,1.00
2018.05.30 16:21:09.889,0.69111,0.69129,1.50,1.00
2018.05.30 16:21:12.423,0.69109,0.69127,1.50,1.00
2018.05.30 16:21:14.000,0.69111,0.69127,1.50,1.00
2018.05.30 16:21:15.043,0.69111,0.69126,1.00,1.00
2018.05.30 16:21:16.779,0.69111,0.69128,1.00,1.00
2018.05.30 16:21:18.367,0.69111,0.69127,1.00,1.00
2018.05.30 16:21:21.444,0.69111,0.69128,1.00,1.00
2018.05.30 16:21:30.021,0.69114,0.6913,1.50,1.10
2018.05.30 16:21:30.334,0.69116,0.69132,1.00,1.00
2018.05.30 16:21:30.591,0.69116,0.69134,2.25,1.12
2018.05.30 16:21:32.997,0.69116,0.69133,1.50,1.00
2018.05.30 16:21:33.853,0.69116,0.69134,2.25,1.12
2018.05.30 16:21:34.386,0.69116,0.69133,1.50,1.00
2018.05.30 16:21:37.760,0.69116,0.69134,2.25,1.12
2018.05.30 16:21:38.404,0.69116,0.69132,2.25,1.00
2018.05.30 16:21:40.818,0.69117,0.69132,1.00,1.00
2018.05.30 16:21:43.515,0.69116,0.69132,1.00,1.00
2018.05.30 16:21:44.062,0.69116,0.69131,1.00,1.00
2018.05.30 16:21:44.916,0.69114,0.69131,1.50,1.00
2018.05.30 16:21:47.077,0.69113,0.6913,1.10,1.00
2018.05.30 16:21:47.178,0.69111,0.69128,1.00,1.00
2018.05.30 16:21:50.102,0.69111,0.69127,1.50,1.00
2018.05.30 16:21:50.642,0.69111,0.69128,1.50,1.00
2018.05.30 16:21:51.315,0.69111,0.69126,1.50,1.00
2018.05.30 16:21:54.501,0.69111,0.69128,1.50,1.00
2018.05.30 16:21:56.086,0.69111,0.69127,1.50,1.00
2018.05.30 16:22:04.099,0.69108,0.69125,1.00,1.12
2018.05.30 16:22:04.463,0.69109,0.69127,1.00,1.12
2018.05.30 16:22:07.759,0.69109,0.69126,1.50,1.00
2018.05.30 16:22:09.330,0.69109,0.69127,1.50,1.00
2018.05.30 16:22:12.048,0.69109,0.69127,1.50,1.37
2018.05.30 16:22:14.001,0.69109,0.69127,1.50,1.12
2018.05.30 16:22:17.493,0.69109,0.69126,1.00,1.00
2018.05.30 16:22:17.699,0.69109,0.69124,1.00,1.00
2018.05.30 16:22:17.801,0.6911,0.69126,1.00,1.00
2018.05.30 16:22:18.388,0.69109,0.69126,1.50,1.00
2018.05.30 16:22:22.182,0.69109,0.69126,1.00,1.37
2018.05.30 16:22:22.835,0.69108,0.69125,1.50,1.12
2018.05.30 16:22:23.358,0.69109,0.69125,1.00,1.12
2018.05.30 16:22:25.110,0.69108,0.69124,2.25,1.00
2018.05.30 16:22:25.364,0.69108,0.69126,2.25,1.12
2018.05.30 16:22:28.889,0.69109,0.69126,1.00,1.12
2018.05.30 16:22:29.467,0.69108,0.69126,2.25,1.12
2018.05.30 16:22:33.325,0.69108,0.69124,1.00,1.00
2018.05.30 16:22:34.146,0.69107,0.69124,1.00,1.00
2018.05.30 16:22:34.678,0.69106,0.69122,1.50,1.00
2018.05.30 16:22:36.350,0.69106,0.69123,1.00,1.00
2018.05.30 16:22:37.476,0.69108,0.69125,1.00,1.12
2018.05.30 16:22:38.648,0.69108,0.69122,1.00,1.00
2018.05.30 16:22:39.256,0.69107,0.69123,1.50,1.00
2018.05.30 16:22:39.705,0.69108,0.69125,1.00,1.12
2018.05.30 16:22:40.728,0.69108,0.69124,1.50,1.00
2018.05.30 16:22:43.744,0.69105,0.69122,1.50,1.00
2018.05.30 16:22:43.896,0.69105,0.6912,1.50,1.00
2018.05.30 16:22:44.350,0.69108,0.69124,1.00,1.12
2018.05.30 16:22:52.140,0.69106,0.69124,2.25,1.12
2018.05.30 16:22:54.519,0.69107,0.69124,1.00,1.12
2018.05.30 16:22:56.270,0.69108,0.69125,1.00,1.00
2018.05.30 16:22:56.321,0.69108,0.69123,1.00,1.00
2018.05.30 16:22:58.293,0.69108,0.69125,1.00,1.00
2018.05.30 16:22:58.345,0.69108,0.69122,1.00,1.00
2018.05.30 16:22:58.397,0.69108,0.69124,1.00,1.00
2018.05.30 16:22:58.905,0.69107,0.69124,1.00,1.00
2018.05.30 16:22:59.145,0.69109,0.69125,1.00,1.00
2018.05.30 16:22:59.739,0.69108,0.69124,1.00,1.12
2018.05.30 16:22:59.930,0.69108,0.69126,1.00,1.12
2018.05.30 16:23:00.184,0.69108,0.69124,1.00,1.00
2018.05.30 16:23:00.722,0.69107,0.69124,1.00,1.00
2018.05.30 16:23:01.582,0.69107,0.69125,1.50,1.12
2018.05.30 16:23:02.002,0.69107,0.69123,1.50,1.00
2018.05.30 16:23:03.144,0.69107,0.69125,1.50,1.12
2018.05.30 16:23:03.256,0.69106,0.69123,1.00,1.00
2018.05.30 16:23:04.879,0.69105,0.69123,1.00,1.00
2018.05.30 16:23:05.549,0.69106,0.69123,1.00,1.00
2018.05.30 16:23:06.247,0.69106,0.69124,1.50,1.00
2018.05.30 16:23:06.759,0.69107,0.69124,1.50,1.00
2018.05.30 16:23:07.291,0.69107,0.69125,2.25,1.12
2018.05.30 16:23:07.902,0.69107,0.69124,1.50,1.00
2018.05.30 16:23:08.367,0.69107,0.69122,1.50,1.00
2018.05.30 16:23:10.968,0.69107,0.69123,2.25,1.00
2018.05.30 16:23:11.534,0.69108,0.69124,1.00,1.00
2018.05.30 16:23:12.135,0.69107,0.69123,2.25,1.00
2018.05.30 16:23:16.051,0.69108,0.69123,1.00,1.00
2018.05.30 16:23:16.154,0.69106,0.69122,1.00,1.00
2018.05.30 16:23:21.081,0.69107,0.69123,1.00,1.00
2018.05.30 16:23:21.631,0.69106,0.69124,1.00,1.00
2018.05.30 16:23:22.150,0.69107,0.69123,1.00,1.00
2018.05.30 16:23:29.070,0.69105,0.69123,1.50,1.00
2018.05.30 16:23:30.438,0.69106,0.69124,2.25,1.00
2018.05.30 16:23:32.367,0.69105,0.69123,1.50,1.00
2018.05.30 16:23:32.519,0.69107,0.69124,1.00,1.00
2018.05.30 16:23:37.321,0.69107,0.69123,1.00,1.00
2018.05.30 16:23:37.876,0.69107,0.69124,1.00,1.00
2018.05.30 16:23:40.139,0.69108,0.69124,1.00,1.00
2018.05.30 16:23:44.326,0.69108,0.69126,1.50,1.00
2018.05.30 16:23:44.902,0.69109,0.69127,1.00,1.00
2018.05.30 16:23:45.426,0.69108,0.69126,1.50,1.00
2018.05.30 16:23:47.318,0.69108,0.69124,1.00,1.00
2018.05.30 16:23:49.889,0.69107,0.69124,1.50,1.00
2018.05.30 16:23:52.233,0.69107,0.69123,1.50,1.00
2018.05.30 16:24:00.328,0.69107,0.69122,1.50,1.00
2018.05.30 16:24:00.869,0.69107,0.69123,2.25,1.00
2018.05.30 16:24:06.348,0.69107,0.69125,1.50,1.00
2018.05.30 16:24:06.916,0.69107,0.69124,1.00,1.00
2018.05.30 16:24:08.147,0.69108,0.69124,1.00,1.00
2018.05.30 16:24:09.760,0.69106,0.69124,2.25,1.00
2018.05.30 16:24:12.526,0.69107,0.69125,2.25,1.00
2018.05.30 16:24:12.816,0.69109,0.69126,1.00,1.00
2018.05.30 16:24:19.399,0.69109,0.69127,1.50,1.00
2018.05.30 16:24:21.464,0.69109,0.69126,1.00,1.00
2018.05.30 16:24:27.102,0.69109,0.69124,1.00,1.00
2018.05.30 16:24:27.203,0.69109,0.69126,1.00,1.00
2018.05.30 16:24:30.040,0.69109,0.69125,1.50,1.00
2018.05.30 16:24:30.258,0.69109,0.69127,1.50,1.00
2018.05.30 16:24:32.027,0.6911,0.69127,1.00,1.00
2018.05.30 16:24:32.568,0.6911,0.69126,1.00,1.00
2018.05.30 16:24:32.867,0.6911,0.69124,1.00,1.00
2018.05.30 16:24:32.917,0.6911,0.69127,1.00,1.00
2018.05.30 16:24:34.111,0.6911,0.69126,1.00,1.00
2018.05.30 16:24:34.714,0.6911,0.69127,1.00,1.00
2018.05.30 16:24:41.390,0.6911,0.69125,1.00,1.00
2018.05.30 16:24:46.158,0.6911,0.69127,1.00,1.00
2018.05.30 16:24:47.027,0.6911,0.69122,1.00,1.00
2018.05.30 16:24:47.079,0.69106,0.69123,1.57,1.00
2018.05.30 16:24:47.233,0.69108,0.69126,1.00,1.20
2018.05.30 16:24:47.402,0.6911,0.69126,1.00,1.00
2018.05.30 16:24:47.453,0.69108,0.69126,1.50,1.00
2018.05.30 16:24:47.554,0.6911,0.69127,1.00,1.00
2018.05.30 16:24:48.494,0.6911,0.69126,1.00,1.00
2018.05.30 16:24:49.000,0.69109,0.69127,2.25,1.00
2018.05.30 16:24:50.785,0.6911,0.69128,1.00,1.00
2018.05.30 16:24:51.099,0.6911,0.69126,1.00,1.00
2018.05.30 16:24:53.156,0.69111,0.69127,1.00,1.00
2018.05.30 16:24:53.942,0.69109,0.69127,2.25,1.00
2018.05.30 16:24:54.760,0.69109,0.69126,1.50,1.00
2018.05.30 16:24:57.830,0.69109,0.69127,1.50,1.00
2018.05.30 16:24:58.272,0.69111,0.69127,1.00,1.00
2018.05.30 16:24:58.579,0.69111,0.69129,1.50,1.00
2018.05.30 16:24:59.193,0.6911,0.69128,2.25,1.00
2018.05.30 16:24:59.347,0.69108,0.69124,1.12,1.00
2018.05.30 16:24:59.398,0.69106,0.69123,1.50,1.00
2018.05.30 16:24:59.500,0.69108,0.69122,1.00,1.00
2018.05.30 16:25:00.051,0.69108,0.69123,1.00,1.00
2018.05.30 16:25:00.225,0.69108,0.69126,2.25,1.00
2018.05.30 16:25:00.327,0.6911,0.69126,1.00,1.00
2018.05.30 16:25:00.834,0.6911,0.69127,1.00,1.00
2018.05.30 16:25:01.196,0.69112,0.69127,1.00,1.00
2018.05.30 16:25:01.720,0.69111,0.69127,1.50,1.00
2018.05.30 16:25:06.316,0.69111,0.69128,1.00,1.12
2018.05.30 16:25:07.439,0.69111,0.69127,1.00,1.00
2018.05.30 16:25:09.201,0.6911,0.69127,1.50,1.12
2018.05.30 16:25:10.521,0.69111,0.69128,1.00,1.12
2018.05.30 16:25:10.828,0.69113,0.69129,1.00,1.00
2018.05.30 16:25:11.775,0.69112,0.6913,1.00,1.00
2018.05.30 16:25:12.298,0.69112,0.69129,1.00,1.00
2018.05.30 16:25:12.561,0.69114,0.69132,1.00,1.12
2018.05.30 16:25:12.732,0.69114,0.6913,1.50,1.00
2018.05.30 16:25:13.248,0.69115,0.69131,1.00,1.00
2018.05.30 16:25:13.392,0.69113,0.6913,1.50,1.00
2018.05.30 16:25:13.444,0.69115,0.6913,1.00,1.00
2018.05.30 16:25:13.966,0.69115,0.69131,1.50,1.00
2018.05.30 16:25:14.797,0.69113,0.6913,1.00,1.00
2018.05.30 16:25:15.317,0.69112,0.6913,2.25,1.00
2018.05.30 16:25:16.364,0.69113,0.6913,1.00,1.00
2018.05.30 16:25:16.979,0.69113,0.69131,1.50,1.00
2018.05.30 16:25:19.389,0.69113,0.6913,2.25,1.00
2018.05.30 16:25:21.349,0.69113,0.69131,2.25,1.00
2018.05.30 16:25:24.211,0.69114,0.69131,1.00,1.00
2018.05.30 16:25:28.351,0.69113,0.69131,1.50,1.00
2018.05.30 16:25:29.709,0.69112,0.6913,2.25,1.00
2018.05.30 16:25:33.288,0.69113,0.6913,1.00,1.00
2018.05.30 16:25:33.455,0.69116,0.69134,2.25,1.00
2018.05.30 16:25:33.962,0.69116,0.69133,1.50,1.00
2018.05.30 16:25:34.327,0.69114,0.69132,2.25,1.00
2018.05.30 16:25:34.635,0.69116,0.69133,1.00,1.00
2018.05.30 16:25:35.510,0.69117,0.69133,1.00,1.00
2018.05.30 16:25:37.615,0.69116,0.69133,1.50,1.00
2018.05.30 16:25:39.665,0.69116,0.69132,1.50,1.00
2018.05.30 16:25:40.577,0.69116,0.69133,1.00,1.00
2018.05.30 16:25:42.158,0.69115,0.69133,1.00,1.00
2018.05.30 16:25:42.667,0.69115,0.69132,1.00,1.00
2018.05.30 16:25:44.589,0.69116,0.69131,1.00,1.00
2018.05.30 16:25:46.447,0.69113,0.6913,1.00,1.00
2018.05.30 16:25:46.499,0.69111,0.69129,2.32,1.00
2018.05.30 16:25:47.059,0.69112,0.69129,1.50,1.00
2018.05.30 16:25:47.830,0.69112,0.6913,2.25,1.00
2018.05.30 16:25:47.881,0.69114,0.6913,1.00,1.00
2018.05.30 16:25:48.391,0.69114,0.69131,1.00,1.00
2018.05.30 16:25:49.327,0.69112,0.69129,2.25,1.00
2018.05.30 16:25:49.632,0.69112,0.69127,2.25,1.00
2018.05.30 16:25:52.840,0.69112,0.69129,1.50,1.00
2018.05.30 16:25:53.464,0.69112,0.6913,2.25,1.00
2018.05.30 16:25:54.024,0.69114,0.6913,1.50,1.00
2018.05.30 16:25:54.797,0.69112,0.6913,2.32,1.00
2018.05.30 16:25:55.310,0.69113,0.69129,1.00,1.00
2018.05.30 16:25:56.561,0.69112,0.69129,1.00,1.00
2018.05.30 16:25:57.091,0.69111,0.69129,1.00,1.00
2018.05.30 16:25:57.193,0.69111,0.69127,1.00,1.00
2018.05.30 16:25:57.729,0.6911,0.69127,1.00,1.00
2018.05.30 16:25:58.092,0.69109,0.69125,1.57,1.00
2018.05.30 16:25:58.549,0.69108,0.69123,1.00,1.00
2018.05.30 16:25:59.059,0.69107,0.69124,2.25,1.00
2018.05.30 16:25:59.892,0.69107,0.69124,3.00,1.00
2018.05.30 16:26:00.535,0.69107,0.69124,2.25,1.00
2018.05.30 16:26:02.326,0.69113,0.69129,1.50,1.12
2018.05.30 16:26:02.821,0.69114,0.69132,1.00,1.00
2018.05.30 16:26:03.503,0.69117,0.69133,1.00,1.00
2018.05.30 16:26:04.050,0.69117,0.69134,1.00,1.00
2018.05.30 16:26:05.926,0.69116,0.69134,1.50,1.00
2018.05.30 16:26:06.750,0.69118,0.69134,1.00,1.00
2018.05.30 16:26:07.282,0.69117,0.69134,1.00,1.00
2018.05.30 16:26:08.064,0.69116,0.69134,2.32,1.00
2018.05.30 16:26:09.785,0.69115,0.69133,1.50,1.00
2018.05.30 16:26:10.090,0.69117,0.69132,1.00,1.00
2018.05.30 16:26:17.214,0.69115,0.69132,1.00,1.00
2018.05.30 16:26:18.834,0.69115,0.69133,1.50,1.00
2018.05.30 16:26:22.269,0.69115,0.69133,1.57,1.00
2018.05.30 16:26:23.045,0.69115,0.69133,1.50,1.00
2018.05.30 16:26:24.049,0.69115,0.69133,1.57,1.00
2018.05.30 16:26:25.234,0.69118,0.69135,1.10,1.00
2018.05.30 16:26:25.541,0.69121,0.69137,1.00,1.00
2018.05.30 16:26:26.622,0.69122,0.69137,1.00,1.00
2018.05.30 16:26:26.993,0.6912,0.69134,1.00,1.00
2018.05.30 16:26:27.148,0.6912,0.69138,2.25,1.00
2018.05.30 16:26:27.201,0.69122,0.6914,1.50,1.10
2018.05.30 16:26:27.587,0.69122,0.69138,1.50,1.00
2018.05.30 16:26:27.639,0.6912,0.69137,1.50,1.00
2018.05.30 16:26:27.742,0.69119,0.69135,1.10,1.00
2018.05.30 16:26:27.796,0.6912,0.69137,1.00,1.00
2018.05.30 16:26:27.847,0.69123,0.69137,1.00,1.00
2018.05.30 16:26:27.899,0.69122,0.69139,1.10,1.00
2018.05.30 16:26:28.053,0.69124,0.6914,1.00,1.00
2018.05.30 16:26:28.375,0.69126,0.69141,1.00,1.00
2018.05.30 16:26:28.994,0.69125,0.6914,1.00,1.00
2018.05.30 16:26:29.335,0.69128,0.69143,1.00,1.00
2018.05.30 16:26:29.814,0.69126,0.69139,1.00,1.00
2018.05.30 16:26:29.916,0.69124,0.69141,1.00,1.00
2018.05.30 16:26:30.019,0.69126,0.69141,1.00,1.00
2018.05.30 16:26:30.070,0.69126,0.69143,1.00,1.00
2018.05.30 16:26:30.274,0.69129,0.69145,1.50,1.00
2018.05.30 16:26:31.312,0.6913,0.69145,1.00,1.00
2018.05.30 16:26:32.560,0.69129,0.69145,1.50,1.00
2018.05.30 16:26:32.853,0.69124,0.69141,1.00,1.00
2018.05.30 16:26:32.955,0.69123,0.69139,1.10,1.00
2018.05.30 16:26:33.412,0.69121,0.69137,1.50,1.00
2018.05.30 16:26:33.723,0.69123,0.69139,1.00,1.00
2018.05.30 16:26:34.496,0.69123,0.69138,1.00,1.00
2018.05.30 16:26:35.000,0.69123,0.69139,1.00,1.00
2018.05.30 16:26:36.349,0.69123,0.69138,1.00,1.00
2018.05.30 16:26:43.653,0.69123,0.6914,1.00,1.00
2018.05.30 16:26:43.704,0.69128,0.69143,1.00,1.37
2018.05.30 16:26:43.807,0.69129,0.69145,1.00,1.12
2018.05.30 16:26:44.324,0.69128,0.69146,1.50,1.00
2018.05.30 16:26:44.853,0.69129,0.69146,1.00,1.00
2018.05.30 16:26:46.846,0.69126,0.69144,2.25,1.00
2018.05.30 16:26:47.356,0.69127,0.69144,1.50,1.00
2018.05.30 16:26:47.408,0.69125,0.69141,1.50,1.00
2018.05.30 16:26:47.938,0.69124,0.69141,1.00,1.00
2018.05.30 16:26:48.456,0.69123,0.69141,1.00,1.00
2018.05.30 16:26:49.083,0.69122,0.6914,2.25,1.00
2018.05.30 16:26:50.501,0.69121,0.69139,1.50,1.00
2018.05.30 16:26:51.362,0.69121,0.69138,1.50,1.00
2018.05.30 16:26:51.971,0.69122,0.69139,1.00,1.00
2018.05.30 16:26:52.760,0.69123,0.69139,1.00,1.00
2018.05.30 16:26:54.760,0.69121,0.69139,1.50,1.00
2018.05.30 16:26:58.942,0.6912,0.69138,1.57,1.00
2018.05.30 16:26:59.504,0.69121,0.69138,1.00,1.00
2018.05.30 16:27:00.026,0.69121,0.69137,1.00,1.00
2018.05.30 16:27:00.129,0.69121,0.69139,1.00,1.00
2018.05.30 16:27:00.265,0.69121,0.69137,1.00,1.00
2018.05.30 16:27:05.734,0.6912,0.69137,1.50,1.00
2018.05.30 16:27:06.248,0.69122,0.69138,1.00,1.00
2018.05.30 16:27:06.880,0.6912,0.69138,1.50,1.00
2018.05.30 16:27:06.931,0.6912,0.69136,1.50,1.00
2018.05.30 16:27:07.286,0.6912,0.69138,2.25,1.00
2018.05.30 16:27:07.962,0.69121,0.69139,1.00,1.00
2018.05.30 16:27:09.087,0.69122,0.69139,1.00,1.00
2018.05.30 16:27:10.577,0.69122,0.69137,1.00,1.00
2018.05.30 16:27:10.628,0.6912,0.69138,1.50,1.00
2018.05.30 16:27:10.679,0.6912,0.69136,1.50,1.00
2018.05.30 16:27:17.662,0.69118,0.69136,1.50,1.00
2018.05.30 16:27:26.542,0.69118,0.69136,2.25,1.00
2018.05.30 16:27:27.296,0.69118,0.69136,1.50,1.00
2018.05.30 16:27:36.367,0.69118,0.69134,1.00,1.00
2018.05.30 16:27:36.870,0.69117,0.69135,2.25,1.00
2018.05.30 16:27:39.473,0.69119,0.69135,1.00,1.00
2018.05.30 16:27:43.322,0.69117,0.69135,2.25,1.12
2018.05.30 16:27:44.289,0.69117,0.69134,1.00,1.00
2018.05.30 16:27:44.884,0.69118,0.69134,1.00,1.00
2018.05.30 16:27:45.260,0.69118,0.69136,1.00,1.00
2018.05.30 16:27:45.778,0.69117,0.69135,1.50,1.00
2018.05.30 16:27:46.205,0.69117,0.69133,1.00,1.00
2018.05.30 16:27:46.256,0.69115,0.69132,1.00,1.00
2018.05.30 16:27:52.759,0.69114,0.69132,1.50,1.00
2018.05.30 16:27:54.821,0.69113,0.6913,1.50,1.00
2018.05.30 16:27:55.800,0.69112,0.6913,1.50,1.00
2018.05.30 16:27:56.458,0.69113,0.69131,1.00,1.00
2018.05.30 16:28:02.261,0.69114,0.69132,1.00,1.00
2018.05.30 16:28:03.537,0.69115,0.69133,1.00,1.00
2018.05.30 16:28:13.810,0.69114,0.69132,1.00,1.00
2018.05.30 16:28:14.349,0.69113,0.69129,1.00,1.00
2018.05.30 16:28:15.848,0.69113,0.69131,1.00,1.00
2018.05.30 16:28:16.606,0.69114,0.69132,1.00,1.00
2018.05.30 16:28:18.037,0.69115,0.69132,1.00,1.00
2018.05.30 16:28:18.589,0.69114,0.69132,1.50,1.00
2018.05.30 16:28:21.388,0.69114,0.69131,2.25,1.00
2018.05.30 16:28:22.760,0.69114,0.69132,2.25,1.00
2018.05.30 16:28:23.292,0.69115,0.69133,2.25,1.00
2018.05.30 16:28:23.633,0.69114,0.6913,1.00,1.00
2018.05.30 16:28:23.738,0.69112,0.6913,2.25,1.00
2018.05.30 16:28:24.767,0.69113,0.69131,1.00,1.00
2018.05.30 16:28:24.921,0.69113,0.69129,1.00,1.00
2018.05.30 16:28:24.978,0.69113,0.69131,1.00,1.00
2018.05.30 16:28:25.915,0.69115,0.69133,1.00,1.10
2018.05.30 16:28:26.452,0.69116,0.69134,1.00,1.00
