2018.05.14 01:00:00.263,0.6965,0.69669,3.00,1.00
2018.05.14 01:00:00.417,0.69653,0.69669,1.00,1.00
2018.05.14 01:00:01.267,0.69651,0.6967,1.10,1.00
2018.05.14 01:00:01.814,0.69652,0.6967,1.00,1.00
2018.05.14 01:00:08.883,0.69653,0.69671,1.00,1.00
2018.05.14 01:00:09.808,0.69654,0.69671,1.00,1.00
2018.05.14 01:00:10.365,0.69653,0.6967,1.00,1.00
2018.05.14 01:00:17.293,0.69653,0.69669,1.00,1.00
2018.05.14 01:00:18.451,0.69652,0.69671,1.00,1.00
2018.05.14 01:00:28.088,0.69652,0.6967,1.00,1.00
2018.05.14 01:00:30.087,0.69652,0.69671,1.10,1.00
2018.05.14 01:00:44.156,0.69654,0.69671,1.00,1.00
2018.05.14 01:00:44.266,0.69651,0.69669,1.10,1.00
2018.05.14 01:00:44.627,0.69653,0.69671,1.00,1.00
2018.05.14 01:00:45.184,0.69653,0.69672,1.00,1.00
2018.05.14 01:00:45.739,0.69652,0.69671,1.00,1.00
2018.05.14 01:00:46.806,0.69652,0.6967,1.00,1.00
2018.05.14 01:00:49.565,0.69649,0.69666,1.57,1.00
2018.05.14 01:00:49.970,0.6965,0.69669,1.00,1.00
2018.05.14 01:00:51.084,0.69652,0.69668,1.00,1.00
2018.05.14 01:00:51.524,0.69652,0.69671,1.00,1.00
2018.05.14 01:00:51.628,0.69653,0.69676,1.00,1.80
2018.05.14 01:00:51.679,0.69653,0.69676,1.50,1.42
2018.05.14 01:00:51.806,0.69653,0.69671,1.50,1.00
2018.05.14 01:00:57.696,0.69651,0.69669,1.00,1.00
2018.05.14 01:00:58.003,0.69648,0.69667,1.50,1.00
2018.05.14 01:01:00.135,0.69646,0.69665,3.07,1.00
2018.05.14 01:01:00.473,0.69647,0.69663,1.00,1.00
2018.05.14 01:01:02.721,0.69645,0.69664,1.50,1.00
2018.05.14 01:01:02.774,0.69648,0.69664,1.00,1.00
2018.05.14 01:01:03.445,0.69648,0.69665,1.00,1.00
2018.05.14 01:01:04.264,0.69646,0.69665,1.00,1.00
2018.05.14 01:01:06.816,0.69644,0.69663,3.07,1.00
2018.05.14 01:01:07.414,0.69644,0.69663,1.00,1.00
2018.05.14 01:01:09.440,0.69644,0.69662,1.00,1.00
2018.05.14 01:01:09.882,0.69642,0.6966,1.50,1.00
2018.05.14 01:01:10.211,0.69641,0.69658,1.00,1.00
2018.05.14 01:01:14.477,0.69639,0.69657,1.00,1.00
2018.05.14 01:01:15.000,0.69639,0.69656,1.00,1.00
2018.05.14 01:01:15.117,0.69637,0.69656,1.00,1.00
2018.05.14 01:01:20.445,0.69638,0.69656,1.00,1.00
2018.05.14 01:01:29.890,0.69637,0.69656,1.50,1.00
2018.05.14 01:01:36.832,0.69639,0.69655,1.00,1.00
2018.05.14 01:01:45.095,0.69637,0.69656,1.50,1.00
2018.05.14 01:01:50.087,0.69637,0.69655,1.00,1.00
2018.05.14 01:01:50.456,0.69639,0.69656,1.00,1.00
2018.05.14 01:01:50.774,0.69635,0.69654,2.25,1.00
2018.05.14 01:01:50.879,0.69635,0.69651,1.50,1.00
2018.05.14 01:01:50.982,0.69632,0.6965,1.00,1.00
2018.05.14 01:01:51.595,0.69631,0.6965,1.00,1.00
2018.05.14 01:01:52.120,0.6963,0.69649,1.50,1.00
2018.05.14 01:01:52.824,0.69631,0.69649,1.00,1.00
2018.05.14 01:01:53.692,0.6963,0.69649,1.00,1.00
2018.05.14 01:01:54.878,0.69633,0.6965,1.50,1.00
2018.05.14 01:01:55.458,0.69632,0.6965,1.00,1.00
2018.05.14 01:01:56.127,0.69634,0.69653,1.00,1.00
2018.05.14 01:01:57.400,0.69634,0.69656,1.00,1.10
2018.05.14 01:01:57.503,0.69636,0.69657,1.00,1.10
2018.05.14 01:01:58.709,0.69638,0.69659,1.00,1.70
2018.05.14 01:01:59.415,0.69638,0.69659,1.00,1.10
2018.05.14 01:02:03.346,0.69639,0.6966,1.00,1.00
2018.05.14 01:02:03.892,0.6964,0.69661,1.00,1.10
2018.05.14 01:02:06.875,0.69639,0.6966,1.57,1.00
2018.05.14 01:02:07.255,0.69641,0.69662,1.00,1.00
2018.05.14 01:02:09.579,0.69644,0.69665,1.60,1.00
2018.05.14 01:02:09.682,0.69647,0.69668,1.00,1.00
2018.05.14 01:02:12.410,0.69645,0.69664,1.00,1.00
2018.05.14 01:02:13.493,0.69645,0.69664,1.00,1.70
2018.05.14 01:02:13.546,0.69642,0.69663,1.00,1.67
2018.05.14 01:02:14.155,0.69641,0.69662,1.50,1.10
2018.05.14 01:02:21.923,0.69643,0.69664,2.32,1.00
2018.05.14 01:02:22.325,0.69646,0.69665,1.50,1.00
2018.05.14 01:02:38.561,0.69646,0.69667,1.00,1.00
2018.05.14 01:02:38.664,0.69648,0.69669,1.00,1.00
2018.05.14 01:02:39.179,0.69649,0.6967,1.50,1.00
2018.05.14 01:02:39.982,0.69649,0.69668,1.10,1.00
2018.05.14 01:02:40.034,0.69652,0.69673,1.00,1.07
2018.05.14 01:02:40.584,0.69652,0.69673,1.10,1.00
2018.05.14 01:02:42.435,0.69654,0.69673,1.00,1.00
2018.05.14 01:02:42.588,0.69652,0.69673,1.00,1.00
2018.05.14 01:02:43.233,0.69649,0.69671,1.57,1.00
2018.05.14 01:02:43.876,0.69649,0.69671,1.57,1.00
2018.05.14 01:02:45.088,0.6965,0.69671,1.00,1.00
2018.05.14 01:02:45.977,0.69651,0.6967,1.00,1.00
2018.05.14 01:02:54.435,0.69652,0.6967,1.00,1.00
2018.05.14 01:02:54.651,0.69653,0.69678,1.00,1.42
2018.05.14 01:02:54.752,0.69653,0.69673,1.00,1.00
2018.05.14 01:02:56.144,0.69655,0.69673,1.00,1.00
2018.05.14 01:02:56.689,0.69653,0.69672,1.50,1.00
2018.05.14 01:02:57.191,0.69652,0.69671,1.50,1.00
2018.05.14 01:03:04.241,0.69652,0.69673,2.25,1.10
2018.05.14 01:03:04.293,0.69654,0.69674,1.00,1.00
2018.05.14 01:03:04.613,0.69656,0.69675,1.00,1.00
2018.05.14 01:03:07.859,0.69657,0.69676,1.00,1.00
2018.05.14 01:03:11.257,0.69657,0.69678,1.00,1.70
2018.05.14 01:03:17.366,0.69659,0.69678,1.00,1.00
2018.05.14 01:03:17.518,0.69657,0.69678,1.50,1.00
2018.05.14 01:03:18.049,0.69658,0.69677,1.00,1.00
2018.05.14 01:03:18.202,0.69658,0.69679,1.00,1.00
2018.05.14 01:03:20.611,0.69659,0.69679,1.00,1.00
2018.05.14 01:03:27.299,0.6966,0.69679,1.00,1.00
2018.05.14 01:03:34.108,0.69656,0.69675,1.57,1.00
2018.05.14 01:03:34.747,0.69656,0.69675,1.50,1.00
2018.05.14 01:03:35.890,0.69657,0.69676,1.00,1.00
2018.05.14 01:03:43.096,0.69657,0.69678,1.00,1.00
2018.05.14 01:03:45.088,0.69656,0.69677,1.00,1.00
2018.05.14 01:03:48.016,0.69653,0.69675,1.20,1.00
2018.05.14 01:03:48.655,0.69653,0.69674,1.00,1.00
2018.05.14 01:03:50.493,0.69655,0.69674,1.00,1.12
2018.05.14 01:04:32.012,0.69655,0.69676,1.00,1.00
2018.05.14 01:04:32.515,0.69656,0.69677,1.10,1.00
2018.05.14 01:04:33.366,0.69657,0.6968,1.00,1.20
2018.05.14 01:04:33.965,0.69657,0.69678,1.00,1.00
2018.05.14 01:04:34.855,0.69656,0.69677,1.95,1.00
2018.05.14 01:04:36.684,0.69654,0.69675,1.57,1.00
2018.05.14 01:04:37.272,0.69654,0.69675,1.57,1.00
2018.05.14 01:04:37.577,0.69654,0.69673,1.00,1.00
2018.05.14 01:04:38.558,0.69654,0.69675,1.00,1.00
2018.05.14 01:04:38.609,0.69654,0.69673,1.00,1.00
2018.05.14 01:04:40.870,0.69654,0.69675,1.00,1.00
2018.05.14 01:04:41.656,0.69653,0.69674,1.10,1.00
2018.05.14 01:04:44.630,0.69654,0.69675,1.00,1.00
2018.05.14 01:04:52.091,0.69653,0.69674,1.00,1.00
2018.05.14 01:04:52.145,0.69651,0.69672,1.57,1.00
2018.05.14 01:04:52.248,0.6965,0.69671,2.32,1.00
2018.05.14 01:04:52.864,0.69649,0.6967,1.00,1.00
2018.05.14 01:04:53.559,0.69648,0.69669,1.00,1.00
2018.05.14 01:05:11.155,0.69649,0.6967,1.00,1.10
2018.05.14 01:05:15.188,0.69649,0.6967,1.00,1.37
2018.05.14 01:05:15.290,0.69647,0.69668,1.00,1.00
2018.05.14 01:05:20.121,0.69646,0.69667,2.25,1.00
2018.05.14 01:05:20.641,0.69646,0.69666,1.50,1.00
2018.05.14 01:05:30.088,0.69646,0.69667,2.25,1.35
2018.05.14 01:05:43.164,0.69647,0.69667,1.00,1.35
2018.05.14 01:05:43.714,0.69647,0.69668,1.50,1.00
2018.05.14 01:05:44.579,0.69651,0.69672,1.00,1.72
2018.05.14 01:05:44.682,0.69652,0.69673,1.50,1.35
2018.05.14 01:05:45.703,0.69652,0.69673,1.95,1.35
2018.05.14 01:05:48.785,0.69655,0.69674,1.00,1.60
2018.05.14 01:05:50.473,0.69653,0.69674,1.10,1.60
2018.05.14 01:05:53.164,0.69653,0.69674,1.57,1.60
2018.05.14 01:05:53.673,0.69653,0.69674,1.57,1.60
2018.05.14 01:05:53.724,0.69656,0.69675,1.00,1.72
2018.05.14 01:05:53.776,0.69656,0.69675,1.00,1.12
2018.05.14 01:05:55.703,0.69654,0.69674,1.10,1.00
2018.05.14 01:05:56.425,0.69654,0.69675,1.50,1.00
2018.05.14 01:05:56.975,0.69654,0.69675,1.50,1.60
2018.05.14 01:05:58.271,0.69654,0.69675,1.50,1.00
2018.05.14 01:06:03.668,0.69656,0.69675,1.00,1.00
2018.05.14 01:06:03.874,0.69653,0.69674,2.32,1.00
2018.05.14 01:06:04.586,0.69655,0.69674,1.10,1.00
2018.05.14 01:06:05.420,0.69655,0.69676,1.00,1.37
2018.05.14 01:06:06.002,0.69654,0.69675,1.10,1.12
2018.05.14 01:06:13.063,0.69654,0.69675,1.00,1.37
2018.05.14 01:06:13.589,0.69654,0.69675,1.07,1.37
2018.05.14 01:06:13.865,0.69655,0.69676,1.00,1.00
2018.05.14 01:06:16.836,0.69655,0.69676,1.00,1.37
2018.05.14 01:06:17.555,0.69654,0.69675,1.00,1.37
2018.05.14 01:06:21.262,0.69654,0.69675,1.00,1.12
2018.05.14 01:06:28.887,0.69654,0.69675,1.10,1.37
2018.05.14 01:06:29.793,0.69654,0.69675,1.07,1.37
2018.05.14 01:06:33.116,0.69654,0.69675,1.00,1.72
2018.05.14 01:06:35.447,0.69654,0.69673,1.00,1.00
2018.05.14 01:07:04.491,0.69654,0.69675,1.57,1.35
2018.05.14 01:07:05.140,0.69654,0.69675,1.95,1.35
2018.05.14 01:07:11.179,0.69654,0.69675,1.00,1.35
2018.05.14 01:07:11.743,0.69655,0.69676,1.00,1.72
2018.05.14 01:07:12.683,0.69653,0.69674,1.10,1.00
2018.05.14 01:07:15.139,0.69652,0.69673,1.10,1.00
2018.05.14 01:07:26.466,0.6965,0.69671,1.95,1.00
2018.05.14 01:07:26.621,0.69653,0.69674,1.00,1.00
2018.05.14 01:07:27.407,0.69653,0.69674,1.07,1.00
2018.05.14 01:07:33.758,0.69654,0.69675,1.10,1.00
2018.05.14 01:07:36.425,0.69655,0.69676,1.00,1.35
2018.05.14 01:07:36.761,0.69655,0.69674,1.00,1.00
2018.05.14 01:07:40.593,0.69657,0.69678,1.00,1.80
2018.05.14 01:07:40.837,0.69655,0.69676,1.00,1.00
2018.05.14 01:07:41.376,0.69655,0.69676,1.00,1.37
2018.05.14 01:07:43.088,0.69655,0.69674,1.00,1.00
2018.05.14 01:07:51.721,0.69655,0.69676,1.10,1.00
2018.05.14 01:07:51.876,0.69655,0.69676,1.00,1.37
2018.05.14 01:07:51.928,0.69653,0.69674,1.10,1.12
2018.05.14 01:07:52.030,0.69652,0.69673,2.70,1.00
2018.05.14 01:07:52.186,0.69654,0.69675,1.57,1.12
2018.05.14 01:07:52.288,0.69654,0.69675,1.95,1.12
2018.05.14 01:07:54.099,0.69657,0.69676,1.00,1.00
2018.05.14 01:07:58.089,0.69656,0.69675,1.00,1.00
2018.05.14 01:08:01.304,0.69653,0.69674,2.32,1.00
2018.05.14 01:08:01.459,0.69651,0.69672,1.57,1.00
2018.05.14 01:08:02.559,0.69651,0.69672,1.10,1.00
2018.05.14 01:08:05.485,0.69651,0.6967,1.10,1.00
2018.05.14 01:08:11.633,0.69651,0.6967,1.07,1.00
2018.05.14 01:08:12.443,0.69651,0.6967,1.10,1.00
2018.05.14 01:08:12.915,0.69647,0.69668,1.95,1.00
2018.05.14 01:08:13.491,0.69647,0.69668,1.57,1.00
2018.05.14 01:08:14.058,0.69648,0.69669,1.10,1.00
2018.05.14 01:08:16.815,0.6965,0.69671,1.00,1.00
2018.05.14 01:08:21.900,0.69649,0.69671,1.10,1.00
2018.05.14 01:08:22.208,0.69652,0.69673,1.00,1.35
2018.05.14 01:08:22.652,0.69655,0.69674,1.00,1.00
2018.05.14 01:08:23.197,0.69654,0.69676,1.50,1.00
2018.05.14 01:08:24.830,0.69654,0.69676,1.00,1.37
2018.05.14 01:08:26.396,0.69655,0.69674,1.00,1.12
2018.05.14 01:08:30.088,0.69656,0.69675,1.00,1.37
2018.05.14 01:08:35.601,0.69656,0.69677,1.00,1.37
2018.05.14 01:08:35.703,0.69651,0.69672,1.95,1.00
2018.05.14 01:08:36.672,0.69649,0.6967,1.20,1.00
2018.05.14 01:08:36.774,0.69649,0.6967,1.10,1.00
2018.05.14 01:08:37.348,0.6965,0.69669,1.00,1.00
2018.05.14 01:08:45.088,0.6965,0.69671,1.00,1.10
2018.05.14 01:08:47.362,0.69651,0.69672,1.00,1.00
2018.05.14 01:08:47.414,0.69651,0.69672,1.00,1.37
2018.05.14 01:08:47.786,0.6965,0.69669,1.00,1.37
2018.05.14 01:08:48.195,0.69648,0.69669,1.00,1.37
2018.05.14 01:08:49.868,0.69648,0.69669,1.00,1.20
2018.05.14 01:08:54.430,0.69646,0.69667,1.00,1.00
2018.05.14 01:08:59.216,0.69651,0.69671,1.00,1.42
2018.05.14 01:08:59.267,0.69649,0.69671,1.00,1.07
2018.05.14 01:08:59.717,0.69652,0.69671,1.00,1.00
2018.05.14 01:09:00.377,0.69651,0.6967,1.00,1.00
2018.05.14 01:09:01.947,0.69649,0.69668,1.00,1.00
2018.05.14 01:09:02.894,0.69647,0.69668,1.00,1.00
2018.05.14 01:09:05.491,0.69648,0.69669,1.00,1.20
2018.05.14 01:09:06.806,0.69647,0.69668,1.00,1.00
2018.05.14 01:09:06.908,0.69645,0.69666,1.57,1.00
2018.05.14 01:09:07.973,0.69647,0.69668,1.00,1.10
2018.05.14 01:09:20.470,0.69647,0.69666,1.10,1.00
2018.05.14 01:09:20.998,0.69646,0.69665,1.00,1.00
2018.05.14 01:09:28.088,0.69647,0.69666,1.00,1.00
2018.05.14 01:09:46.309,0.69641,0.69659,1.00,1.60
2018.05.14 01:09:46.411,0.69634,0.69655,1.20,1.00
2018.05.14 01:09:46.463,0.69634,0.69655,1.12,1.00
2018.05.14 01:09:46.616,0.69638,0.69657,1.00,1.00
2018.05.14 01:09:46.667,0.69636,0.69657,1.10,1.00
2018.05.14 01:09:47.185,0.69635,0.69656,1.00,1.00
2018.05.14 01:09:48.937,0.69635,0.69654,1.00,1.00
2018.05.14 01:09:48.988,0.69633,0.69654,1.12,1.10
2018.05.14 01:09:49.398,0.69636,0.69655,1.00,1.00
2018.05.14 01:09:50.485,0.69636,0.69657,1.00,1.00
2018.05.14 01:09:51.026,0.69637,0.69658,1.00,1.00
2018.05.14 01:09:53.796,0.69637,0.69658,1.37,1.00
2018.05.14 01:09:54.404,0.69638,0.69659,1.37,1.00
2018.05.14 01:10:00.228,0.69638,0.69657,1.37,1.00
2018.05.14 01:10:00.279,0.69638,0.69659,1.37,1.00
2018.05.14 01:10:00.331,0.69637,0.69658,1.12,1.00
2018.05.14 01:10:00.547,0.69637,0.69658,1.37,1.00
2018.05.14 01:10:00.752,0.69641,0.69662,1.00,1.42
2018.05.14 01:10:00.954,0.69644,0.69663,1.00,1.00
2018.05.14 01:10:01.058,0.6964,0.69661,1.12,1.00
2018.05.14 01:10:01.161,0.69639,0.69658,1.00,1.00
2018.05.14 01:10:01.672,0.69637,0.69658,1.37,1.00
2018.05.14 01:10:02.357,0.69639,0.69658,1.12,1.00
2018.05.14 01:10:04.045,0.6964,0.69659,1.00,1.00
2018.05.14 01:10:05.050,0.69639,0.69658,1.12,1.00
2018.05.14 01:10:13.551,0.69637,0.69658,1.12,1.00
2018.05.14 01:10:16.489,0.69636,0.69657,1.12,1.00
2018.05.14 01:10:17.221,0.69637,0.69658,1.00,1.10
2018.05.14 01:10:17.851,0.69637,0.69658,1.00,1.20
2018.05.14 01:10:18.520,0.69637,0.69658,1.00,1.10
2018.05.14 01:10:20.121,0.69637,0.69658,1.00,1.45
2018.05.14 01:10:20.252,0.69637,0.69658,1.00,1.10
2018.05.14 01:10:20.842,0.69636,0.69657,1.00,1.10
2018.05.14 01:10:33.177,0.69638,0.69657,1.00,1.10
2018.05.14 01:10:33.712,0.69638,0.69659,1.00,1.20
2018.05.14 01:10:34.267,0.69637,0.69658,1.00,1.10
2018.05.14 01:10:34.967,0.69637,0.69658,1.00,1.20
2018.05.14 01:10:35.751,0.69637,0.69658,1.00,1.10
2018.05.14 01:10:53.527,0.6964,0.69659,1.00,1.00
2018.05.14 01:10:53.734,0.69637,0.69658,1.12,1.10
2018.05.14 01:10:54.244,0.69637,0.69658,1.37,1.10
2018.05.14 01:10:58.088,0.69639,0.69658,1.00,1.10
2018.05.14 01:11:03.871,0.69639,0.69658,1.37,1.10
2018.05.14 01:11:04.372,0.69639,0.6966,1.37,1.20
2018.05.14 01:11:11.800,0.69639,0.6966,1.37,1.45
2018.05.14 01:11:12.412,0.69639,0.6966,1.00,1.45
2018.05.14 01:11:19.491,0.69639,0.6966,1.00,1.20
2018.05.14 01:11:25.188,0.69639,0.6966,1.37,1.20
2018.05.14 01:11:25.597,0.69638,0.69659,1.00,1.20
2018.05.14 01:11:29.887,0.69638,0.69659,2.62,1.20
2018.05.14 01:11:31.627,0.69638,0.69659,1.00,1.20
2018.05.14 01:11:32.151,0.69637,0.69658,1.00,1.10
2018.05.14 01:11:32.517,0.69634,0.69655,1.00,1.80
2018.05.14 01:11:32.820,0.69628,0.69649,1.00,1.20
2018.05.14 01:11:33.533,0.69627,0.69648,1.12,1.10
2018.05.14 01:11:34.940,0.69627,0.69648,1.12,1.07
2018.05.14 01:11:35.517,0.69627,0.69648,1.12,1.00
2018.05.14 01:11:40.908,0.69628,0.69649,1.00,1.10
2018.05.14 01:11:41.136,0.69628,0.69649,1.00,1.45
2018.05.14 01:11:41.793,0.69628,0.69649,1.00,1.20
2018.05.14 01:11:44.485,0.69627,0.69648,1.00,1.10
2018.05.14 01:11:44.960,0.69627,0.69646,1.37,1.10
2018.05.14 01:11:45.626,0.69627,0.69648,1.37,1.20
2018.05.14 01:11:46.146,0.69627,0.69648,1.37,1.00
2018.05.14 01:11:47.133,0.69627,0.69648,1.37,1.20
2018.05.14 01:11:49.388,0.69627,0.69648,1.00,1.20
2018.05.14 01:11:49.717,0.6963,0.69651,1.00,1.45
2018.05.14 01:11:50.394,0.6963,0.69651,1.00,1.20
2018.05.14 01:11:50.915,0.69629,0.6965,1.00,1.10
2018.05.14 01:12:00.189,0.69628,0.69649,1.00,1.00
2018.05.14 01:12:00.778,0.69629,0.69648,1.00,1.00
2018.05.14 01:12:00.830,0.69629,0.6965,1.00,1.10
2018.05.14 01:12:01.747,0.69629,0.6965,1.00,1.20
2018.05.14 01:12:02.157,0.69631,0.6965,1.00,1.20
2018.05.14 01:12:02.466,0.69628,0.69649,1.00,1.00
2018.05.14 01:12:02.722,0.69628,0.69647,1.00,1.00
2018.05.14 01:12:15.097,0.69629,0.69648,1.00,1.00
2018.05.14 01:12:19.172,0.69629,0.6965,1.37,1.00
2018.05.14 01:12:20.015,0.69631,0.69652,1.37,1.00
2018.05.14 01:12:21.227,0.69633,0.69652,1.37,1.00
2018.05.14 01:12:21.284,0.69636,0.69655,1.00,1.10
2018.05.14 01:12:35.488,0.69637,0.69656,1.00,1.00
2018.05.14 01:12:38.351,0.69638,0.69657,1.00,1.00
2018.05.14 01:12:50.487,0.69636,0.69657,1.12,1.00
2018.05.14 01:12:51.969,0.69638,0.69659,1.37,1.10
2018.05.14 01:12:52.781,0.69641,0.69662,1.00,1.00
2018.05.14 01:12:53.226,0.6964,0.69659,1.00,1.00
2018.05.14 01:12:53.381,0.69638,0.69659,1.00,1.00
2018.05.14 01:13:00.096,0.69637,0.69658,1.47,1.00
2018.05.14 01:13:01.742,0.69637,0.69658,1.12,1.00
2018.05.14 01:13:02.779,0.69637,0.69658,1.37,1.00
2018.05.14 01:13:25.846,0.69637,0.69658,1.00,1.00
2018.05.14 01:13:26.188,0.69637,0.69658,1.00,1.45
2018.05.14 01:13:26.966,0.69637,0.69656,1.00,1.20
2018.05.14 01:13:27.515,0.69637,0.69656,1.00,1.00
2018.05.14 01:13:43.841,0.69638,0.69657,1.00,1.00
2018.05.14 01:13:45.842,0.69637,0.69658,1.12,1.00
2018.05.14 01:13:46.943,0.69637,0.69658,1.37,1.00
2018.05.14 01:13:51.412,0.69637,0.69658,1.10,1.00
2018.05.14 01:14:00.375,0.69639,0.69658,1.00,1.00
2018.05.14 01:14:00.533,0.69637,0.69658,1.10,1.00
2018.05.14 01:14:00.585,0.69635,0.69656,1.10,1.00
2018.05.14 01:14:01.084,0.69639,0.69658,1.00,1.00
2018.05.14 01:14:06.157,0.6964,0.69659,1.00,1.00
2018.05.14 01:14:20.446,0.69638,0.69659,1.00,1.10
2018.05.14 01:14:25.040,0.6964,0.69659,1.00,1.10
2018.05.14 01:14:25.143,0.69638,0.69661,1.00,1.45
2018.05.14 01:14:25.770,0.69639,0.6966,1.00,1.10
2018.05.14 01:14:27.050,0.69638,0.69659,1.00,1.00
2018.05.14 01:14:27.207,0.6964,0.69661,1.00,1.45
2018.05.14 01:14:27.309,0.6964,0.69661,1.00,1.10
2018.05.14 01:14:27.846,0.69641,0.69662,1.00,1.45
2018.05.14 01:14:27.949,0.69641,0.69662,1.00,1.10
2018.05.14 01:14:28.051,0.69641,0.69662,1.00,1.45
2018.05.14 01:14:28.200,0.69641,0.69662,1.00,1.10
2018.05.14 01:14:30.561,0.69641,0.69662,1.00,1.20
2018.05.14 01:14:31.373,0.69642,0.69663,1.00,1.10
2018.05.14 01:14:32.933,0.69642,0.69661,1.00,1.00
2018.05.14 01:14:33.441,0.69641,0.6966,1.00,1.00
2018.05.14 01:14:35.381,0.69636,0.69657,1.00,1.10
2018.05.14 01:14:35.534,0.69636,0.69655,1.00,1.00
2018.05.14 01:14:35.637,0.6963,0.69651,1.50,1.10
2018.05.14 01:14:35.739,0.69632,0.69653,1.00,1.00
2018.05.14 01:14:36.766,0.69634,0.69654,1.00,1.50
2018.05.14 01:14:36.969,0.69635,0.69656,1.00,1.10
2018.05.14 01:14:37.883,0.69634,0.69655,1.12,1.00
2018.05.14 01:14:45.217,0.69638,0.69656,1.00,1.00
2018.05.14 01:14:45.271,0.69639,0.69658,1.00,1.00
2018.05.14 01:14:45.323,0.69641,0.69659,1.00,1.00
2018.05.14 01:14:45.374,0.6964,0.69661,1.00,1.10
2018.05.14 01:14:45.875,0.69639,0.6966,1.00,1.00
2018.05.14 01:14:46.916,0.6964,0.69661,1.00,1.00
2018.05.14 01:14:48.045,0.69639,0.6966,1.50,1.50
2018.05.14 01:14:48.200,0.69636,0.69658,1.10,1.00
2018.05.14 01:14:48.982,0.69637,0.69658,1.00,1.00
2018.05.14 01:14:58.482,0.69638,0.69659,1.00,1.00
2018.05.14 01:15:00.090,0.69637,0.69658,1.00,1.00
2018.05.14 01:15:05.447,0.69638,0.69659,1.00,1.00
2018.05.14 01:15:07.208,0.69638,0.69657,1.00,1.00
2018.05.14 01:15:32.169,0.69638,0.69659,1.00,1.00
2018.05.14 01:15:32.394,0.6964,0.69663,1.00,2.92
2018.05.14 01:15:32.446,0.69641,0.6966,1.00,1.00
2018.05.14 01:15:32.497,0.69641,0.69662,1.00,1.00
2018.05.14 01:15:32.651,0.69639,0.6966,1.00,1.00
2018.05.14 01:15:33.095,0.69641,0.69662,1.00,1.00
2018.05.14 01:15:38.495,0.6964,0.69661,1.20,1.00
2018.05.14 01:15:38.597,0.6964,0.69661,1.10,1.50
2018.05.14 01:15:38.930,0.69641,0.69662,1.20,1.00
2018.05.14 01:15:39.084,0.69643,0.69664,1.00,1.00
2018.05.14 01:15:40.146,0.69643,0.69662,1.20,1.00
2018.05.14 01:15:40.325,0.69639,0.69661,1.95,1.00
2018.05.14 01:15:40.856,0.69641,0.69662,1.10,1.00
2018.05.14 01:15:42.506,0.69641,0.69662,1.07,1.00
2018.05.14 01:15:43.244,0.69641,0.69662,1.20,1.00
2018.05.14 01:15:43.397,0.69644,0.69665,1.00,1.00
2018.05.14 01:15:43.549,0.69642,0.69663,1.20,1.00
2018.05.14 01:15:43.748,0.69639,0.6966,1.07,1.00
2018.05.14 01:15:44.333,0.69639,0.6966,1.10,1.00
2018.05.14 01:15:44.745,0.69643,0.69662,1.00,1.00
2018.05.14 01:15:44.796,0.69641,0.69662,1.10,1.00
2018.05.14 01:15:45.000,0.6964,0.69659,1.20,1.00
2018.05.14 01:15:45.051,0.69638,0.69661,2.70,1.00
2018.05.14 01:15:45.103,0.69638,0.69659,1.20,1.00
2018.05.14 01:15:45.255,0.69638,0.69659,1.10,1.00
2018.05.14 01:15:45.334,0.69638,0.69659,1.45,1.00
2018.05.14 01:15:45.902,0.69641,0.69662,1.00,1.00
2018.05.14 01:15:46.581,0.69641,0.69662,1.07,1.00
2018.05.14 01:15:47.318,0.69641,0.69662,1.10,1.00
2018.05.14 01:15:49.153,0.69641,0.69662,1.07,1.00
2018.05.14 01:15:51.728,0.69641,0.69662,1.10,1.00
2018.05.14 01:16:11.555,0.69638,0.69657,1.07,1.00
2018.05.14 01:16:11.659,0.69636,0.69657,1.20,1.00
2018.05.14 01:16:12.168,0.69637,0.69658,1.00,1.00
2018.05.14 01:16:13.241,0.69637,0.69656,1.07,1.00
2018.05.14 01:16:13.799,0.69637,0.69656,1.10,1.00
2018.05.14 01:16:14.346,0.69635,0.69656,1.07,1.00
2018.05.14 01:16:15.115,0.69635,0.69654,1.07,1.00
2018.05.14 01:16:16.539,0.69635,0.69654,1.20,1.00
2018.05.14 01:16:16.814,0.69635,0.69654,1.10,1.00
2018.05.14 01:16:17.393,0.69635,0.69654,1.07,1.00
2018.05.14 01:16:19.640,0.69635,0.69654,1.10,1.00
2018.05.14 01:16:22.810,0.69635,0.69656,1.10,1.00
2018.05.14 01:16:22.913,0.69633,0.69654,1.20,1.00
2018.05.14 01:16:23.239,0.69633,0.69652,1.10,1.00
2018.05.14 01:16:23.747,0.69631,0.69652,1.20,1.00
2018.05.14 01:16:24.248,0.69631,0.69652,1.20,1.00
2018.05.14 01:16:27.251,0.69631,0.69652,1.20,1.00
2018.05.14 01:16:27.769,0.69631,0.69652,1.20,1.00
2018.05.14 01:16:28.521,0.69631,0.69652,1.20,1.00
2018.05.14 01:16:29.222,0.69631,0.69652,1.20,1.00
2018.05.14 01:16:30.033,0.69632,0.69653,1.20,1.00
2018.05.14 01:16:30.543,0.69632,0.69653,1.20,1.00
2018.05.14 01:16:31.556,0.69637,0.69658,1.00,1.42
2018.05.14 01:16:31.711,0.69637,0.69658,1.20,1.00
2018.05.14 01:16:32.389,0.69636,0.69657,1.95,1.00
2018.05.14 01:16:33.509,0.69636,0.69657,1.95,1.00
2018.05.14 01:16:33.860,0.69632,0.69651,1.07,1.00
2018.05.14 01:16:34.014,0.6963,0.69651,1.07,1.00
2018.05.14 01:16:34.117,0.6963,0.69649,1.07,1.00
2018.05.14 01:16:34.691,0.6963,0.69649,1.10,1.00
2018.05.14 01:16:35.349,0.6963,0.69649,1.20,1.00
2018.05.14 01:16:36.064,0.6963,0.69651,1.20,1.00
2018.05.14 01:16:36.585,0.6963,0.69651,1.20,1.00
2018.05.14 01:16:37.101,0.6963,0.69651,1.07,1.00
2018.05.14 01:16:37.659,0.69631,0.69652,1.10,1.00
2018.05.14 01:16:43.956,0.69631,0.69652,1.20,1.00
2018.05.14 01:16:49.727,0.69631,0.69652,1.10,1.00
2018.05.14 01:16:50.533,0.69631,0.69652,1.20,1.00
2018.05.14 01:16:54.784,0.69631,0.69652,1.10,1.00
2018.05.14 01:16:58.512,0.69631,0.69652,1.07,1.12
2018.05.14 01:17:01.151,0.69631,0.69652,1.10,1.00
2018.05.14 01:17:06.877,0.69629,0.6965,1.20,1.00
2018.05.14 01:17:13.227,0.69629,0.6965,1.07,1.00
2018.05.14 01:17:14.827,0.69629,0.6965,1.20,1.00
2018.05.14 01:17:14.879,0.69629,0.6965,1.10,1.00
2018.05.14 01:17:17.284,0.69628,0.69649,1.07,1.00
2018.05.14 01:17:17.853,0.69628,0.69649,1.10,1.12
2018.05.14 01:17:18.447,0.69627,0.69648,1.07,1.00
2018.05.14 01:17:19.016,0.69629,0.69648,1.00,1.00
2018.05.14 01:17:25.019,0.69627,0.69648,1.07,1.12
2018.05.14 01:17:25.546,0.69627,0.69648,1.10,1.12
2018.05.14 01:17:27.995,0.69627,0.69648,1.10,1.37
2018.05.14 01:17:28.565,0.69627,0.69646,1.10,1.00
2018.05.14 01:17:38.345,0.69627,0.69646,1.07,1.00
2018.05.14 01:17:38.549,0.69629,0.69648,1.00,1.12
2018.05.14 01:17:38.651,0.69629,0.6965,1.00,1.12
2018.05.14 01:17:39.294,0.69629,0.6965,1.07,1.12
2018.05.14 01:17:42.116,0.69629,0.6965,1.07,1.37
2018.05.14 01:17:42.733,0.69629,0.6965,1.00,1.37
2018.05.14 01:17:44.996,0.69629,0.6965,1.00,1.12
2018.05.14 01:17:45.112,0.69629,0.6965,1.00,1.37
2018.05.14 01:17:45.594,0.69629,0.6965,1.20,1.37
2018.05.14 01:17:45.696,0.69629,0.6965,1.10,1.37
2018.05.14 01:17:45.748,0.69631,0.6965,1.00,1.00
2018.05.14 01:17:46.205,0.69631,0.69654,1.00,1.72
2018.05.14 01:17:46.256,0.69633,0.69654,1.00,1.30
2018.05.14 01:17:46.757,0.69632,0.69653,1.10,1.00
2018.05.14 01:17:48.452,0.69634,0.69653,1.00,1.00
2018.05.14 01:17:58.088,0.69633,0.69652,1.07,1.00
2018.05.14 01:18:02.597,0.69633,0.69652,1.00,1.00
2018.05.14 01:18:12.219,0.69631,0.6965,1.00,1.00
2018.05.14 01:18:12.322,0.69628,0.69649,1.10,1.00
2018.05.14 01:18:12.858,0.69629,0.6965,1.10,1.00
2018.05.14 01:18:13.062,0.6963,0.69651,1.07,1.00
2018.05.14 01:18:15.111,0.69629,0.6965,1.20,1.00
2018.05.14 01:18:17.502,0.69631,0.69652,1.57,1.00
2018.05.14 01:18:17.606,0.69631,0.69655,1.57,1.30
2018.05.14 01:18:17.761,0.69634,0.69653,1.10,1.00
2018.05.14 01:18:25.295,0.69633,0.69654,1.20,1.00
2018.05.14 01:18:33.381,0.69631,0.69652,1.45,1.00
2018.05.14 01:18:33.484,0.69631,0.69652,1.20,1.00
2018.05.14 01:18:35.447,0.6963,0.69651,1.80,1.00
2018.05.14 01:18:36.626,0.69632,0.69653,1.10,1.00
2018.05.14 01:18:38.305,0.69632,0.69653,1.20,1.00
2018.05.14 01:18:43.797,0.69632,0.69653,1.10,1.00
2018.05.14 01:19:05.478,0.69634,0.69653,1.00,1.00
2018.05.14 01:19:05.984,0.69632,0.69653,1.20,1.00
2018.05.14 01:19:06.411,0.6963,0.69651,1.80,1.00
2018.05.14 01:19:08.178,0.6963,0.69649,1.80,1.12
2018.05.14 01:19:08.615,0.69627,0.69646,1.20,1.00
2018.05.14 01:19:08.667,0.69625,0.69646,1.95,1.00
2018.05.14 01:19:08.975,0.69628,0.69647,1.20,1.00
2018.05.14 01:19:09.201,0.69627,0.69649,1.45,1.00
2018.05.14 01:19:10.687,0.69629,0.69648,1.10,1.00
2018.05.14 01:19:10.841,0.69628,0.6965,1.07,1.00
2018.05.14 01:19:10.995,0.69629,0.69649,1.20,1.00
2018.05.14 01:19:11.161,0.69629,0.69649,1.10,1.00
2018.05.14 01:19:12.187,0.69629,0.69649,1.20,1.00
2018.05.14 01:19:12.282,0.69629,0.69649,1.10,1.00
2018.05.14 01:19:12.831,0.69629,0.69649,1.20,1.00
2018.05.14 01:19:13.358,0.69628,0.6965,1.20,1.00
2018.05.14 01:19:14.531,0.69628,0.69649,1.20,1.00
2018.05.14 01:19:15.077,0.69626,0.69648,1.45,1.00
2018.05.14 01:19:15.129,0.69625,0.69647,1.45,1.00
2018.05.14 01:19:15.902,0.69628,0.69649,1.10,1.00
2018.05.14 01:19:16.429,0.69628,0.69649,1.07,1.00
2018.05.14 01:19:22.969,0.6963,0.6965,1.10,1.00
2018.05.14 01:19:23.021,0.69633,0.69652,1.00,2.25
2018.05.14 01:19:23.123,0.69631,0.69653,1.00,1.00
2018.05.14 01:19:23.906,0.69632,0.69652,1.00,1.12
2018.05.14 01:19:23.960,0.69629,0.69651,1.57,1.00
2018.05.14 01:19:24.605,0.6963,0.69652,1.10,1.00
2018.05.14 01:19:25.419,0.69631,0.69652,1.00,1.50
2018.05.14 01:19:26.400,0.69631,0.69651,1.00,1.00
2018.05.14 01:19:26.916,0.69631,0.69652,1.00,3.00
2018.05.14 01:19:28.680,0.69631,0.69651,1.00,1.00
2018.05.14 01:19:29.188,0.6963,0.69651,1.10,1.00
2018.05.14 01:19:29.239,0.69632,0.69651,1.00,1.50
2018.05.14 01:19:34.408,0.6963,0.69652,1.00,1.10
2018.05.14 01:19:35.447,0.6963,0.6965,1.00,1.00
2018.05.14 01:19:41.542,0.69627,0.69649,1.37,1.00
2018.05.14 01:19:41.650,0.69626,0.69651,1.72,1.07
2018.05.14 01:19:41.753,0.69626,0.69651,2.32,1.10
2018.05.14 01:19:42.064,0.6963,0.6965,1.00,1.00
2018.05.14 01:19:43.171,0.69631,0.6965,1.00,1.00
2018.05.14 01:19:44.688,0.6963,0.69652,1.00,1.07
2018.05.14 01:19:45.402,0.6963,0.69652,1.00,1.00
2018.05.14 01:19:46.618,0.69631,0.69652,1.00,1.00
2018.05.14 01:19:49.607,0.69633,0.69653,1.00,1.10
2018.05.14 01:19:49.658,0.69631,0.69652,1.00,1.00
2018.05.14 01:19:50.446,0.69631,0.69653,1.00,1.00
2018.05.14 01:19:51.335,0.69631,0.69653,1.00,1.07
2018.05.14 01:19:53.735,0.6963,0.69651,1.00,1.00
2018.05.14 01:20:00.128,0.69629,0.69651,1.00,1.00
2018.05.14 01:20:06.607,0.69631,0.69651,1.00,1.00
2018.05.14 01:20:15.090,0.69632,0.69651,1.00,1.00
2018.05.14 01:20:30.137,0.69632,0.69652,1.00,1.00
2018.05.14 01:20:32.225,0.6963,0.69651,1.00,1.00
2018.05.14 01:20:32.277,0.6963,0.69649,1.00,1.00
2018.05.14 01:20:32.404,0.6963,0.69651,1.50,1.12
2018.05.14 01:20:32.999,0.69629,0.69651,1.57,1.00
2018.05.14 01:20:41.085,0.6963,0.69651,1.00,1.00
2018.05.14 01:20:41.188,0.69629,0.69649,1.00,1.00
2018.05.14 01:20:41.290,0.69627,0.69652,1.57,1.20
2018.05.14 01:20:41.342,0.69631,0.69652,1.00,1.10
2018.05.14 01:20:41.394,0.69629,0.69651,1.10,1.00
2018.05.14 01:20:41.497,0.69631,0.69652,1.00,1.10
2018.05.14 01:20:43.142,0.69631,0.69653,1.00,1.10
2018.05.14 01:20:44.238,0.69631,0.69653,1.00,1.07
2018.05.14 01:20:44.743,0.69632,0.69653,1.00,1.00
2018.05.14 01:20:52.913,0.69632,0.69653,1.00,1.07
2018.05.14 01:20:53.488,0.6963,0.69651,1.12,1.00
2018.05.14 01:20:53.844,0.6963,0.69654,1.47,1.20
2018.05.14 01:20:54.046,0.69633,0.69653,1.00,1.10
2018.05.14 01:20:58.079,0.69632,0.69653,1.00,1.00
2018.05.14 01:20:58.816,0.69632,0.69654,1.00,1.10
2018.05.14 01:20:59.214,0.69634,0.69653,1.00,1.12
2018.05.14 01:20:59.742,0.69634,0.69655,1.00,1.00
2018.05.14 01:20:59.945,0.69636,0.69656,1.00,1.57
2018.05.14 01:21:01.244,0.69632,0.69654,1.57,1.00
2018.05.14 01:21:01.346,0.69631,0.69652,1.50,1.00
2018.05.14 01:21:03.979,0.69629,0.6965,1.00,1.00
2018.05.14 01:21:08.514,0.69628,0.69649,1.00,1.00
2018.05.14 01:21:10.895,0.6963,0.69652,1.00,1.47
2018.05.14 01:21:10.947,0.6963,0.69652,1.00,1.00
2018.05.14 01:21:17.020,0.69633,0.69652,1.00,1.00
2018.05.14 01:21:17.072,0.69631,0.69652,1.00,1.00
2018.05.14 01:21:17.612,0.69631,0.69653,1.00,1.00
2018.05.14 01:21:18.657,0.69632,0.69654,1.00,1.12
2018.05.14 01:21:18.714,0.69634,0.69655,1.00,1.47
2018.05.14 01:21:18.766,0.69631,0.69654,1.10,1.12
2018.05.14 01:21:18.883,0.69629,0.69652,1.57,1.00
2018.05.14 01:21:19.413,0.69631,0.69653,1.00,1.00
2018.05.14 01:21:19.801,0.69631,0.69651,1.00,1.00
2018.05.14 01:21:20.324,0.69632,0.69651,1.00,1.00
2018.05.14 01:21:21.103,0.69633,0.69652,1.00,1.00
2018.05.14 01:21:21.544,0.69628,0.6965,2.32,1.00
2018.05.14 01:21:21.697,0.69627,0.69649,1.10,1.00
2018.05.14 01:21:32.933,0.69626,0.69647,1.10,1.00
2018.05.14 01:21:34.078,0.69625,0.69647,1.00,1.00
2018.05.14 01:21:38.161,0.69625,0.69647,1.57,1.00
2018.05.14 01:21:38.981,0.69625,0.69647,1.57,1.00
2018.05.14 01:21:41.172,0.69627,0.69648,1.00,1.00
2018.05.14 01:21:41.429,0.69625,0.69647,1.10,1.00
2018.05.14 01:21:41.480,0.69623,0.69645,1.20,1.00
2018.05.14 01:21:41.532,0.69623,0.69645,1.10,1.00
2018.05.14 01:21:41.583,0.69626,0.69648,1.00,1.20
2018.05.14 01:21:41.951,0.69628,0.69647,1.00,1.00
2018.05.14 01:21:42.713,0.69628,0.69649,1.00,1.07
2018.05.14 01:21:43.270,0.69628,0.69649,1.00,1.00
2018.05.14 01:21:43.859,0.69629,0.6965,1.00,1.05
2018.05.14 01:21:45.883,0.69629,0.69651,1.00,1.10
2018.05.14 01:21:46.187,0.69631,0.69651,1.00,1.00
2018.05.14 01:21:57.346,0.6963,0.6965,1.00,1.00
2018.05.14 01:21:58.835,0.6963,0.69651,1.00,1.00
2018.05.14 01:21:59.041,0.69632,0.69655,1.00,1.20
2018.05.14 01:21:59.092,0.69631,0.69652,1.00,1.00
2018.05.14 01:21:59.596,0.69631,0.69653,1.00,1.57
2018.05.14 01:22:00.263,0.69634,0.69654,1.00,1.00
2018.05.14 01:22:04.420,0.69634,0.69656,1.00,1.20
2018.05.14 01:22:05.187,0.69633,0.69654,1.10,1.00
2018.05.14 01:22:09.224,0.69633,0.69655,1.00,1.50
2018.05.14 01:22:10.831,0.69632,0.69654,1.50,1.00
2018.05.14 01:22:13.379,0.69632,0.69654,1.87,1.00
2018.05.14 01:22:15.092,0.69633,0.69655,1.12,1.00
2018.05.14 01:22:20.331,0.69634,0.69655,1.00,1.00
2018.05.14 01:22:21.485,0.69634,0.69656,1.00,1.00
2018.05.14 01:22:21.835,0.69634,0.69654,1.00,1.00
2018.05.14 01:22:30.090,0.69634,0.69655,1.00,1.00
2018.05.14 01:22:35.449,0.69633,0.69655,1.00,1.00
2018.05.14 01:22:36.789,0.69633,0.69654,1.00,1.00
2018.05.14 01:22:37.206,0.6963,0.69652,1.57,1.00
2018.05.14 01:22:41.653,0.69632,0.69651,1.00,1.00
2018.05.14 01:22:42.227,0.69632,0.69652,1.00,1.00
2018.05.14 01:22:45.111,0.69631,0.69652,1.00,1.00
2018.05.14 01:22:47.597,0.69632,0.69652,1.00,1.00
2018.05.14 01:22:50.448,0.69632,0.69653,1.00,1.00
2018.05.14 01:22:51.222,0.69632,0.69653,1.37,1.00
2018.05.14 01:22:51.274,0.69634,0.69655,1.00,1.00
2018.05.14 01:22:51.326,0.69638,0.69657,1.00,1.10
2018.05.14 01:22:51.378,0.69635,0.69656,1.00,1.00
2018.05.14 01:22:58.675,0.69635,0.69655,1.00,1.00
2018.05.14 01:22:59.925,0.69635,0.69657,1.12,1.10
2018.05.14 01:23:17.151,0.69635,0.69657,1.37,1.00
2018.05.14 01:23:22.055,0.69636,0.69658,1.12,1.57
2018.05.14 01:23:33.447,0.69636,0.69657,1.00,1.00
2018.05.14 01:23:48.489,0.69636,0.69658,1.12,1.50
2018.05.14 01:23:50.465,0.69636,0.69657,1.00,1.00
2018.05.14 01:24:02.256,0.69635,0.69657,1.00,1.00
2018.05.14 01:24:02.409,0.69633,0.69655,1.95,1.00
2018.05.14 01:24:02.916,0.69633,0.69655,2.32,1.00
2018.05.14 01:24:03.315,0.69635,0.69654,1.00,1.00
2018.05.14 01:24:04.021,0.69634,0.69654,1.00,1.00
2018.05.14 01:24:06.302,0.69634,0.69656,1.00,1.57
2018.05.14 01:24:06.687,0.69635,0.69654,1.00,1.00
2018.05.14 01:24:07.668,0.69633,0.69655,1.00,1.00
2018.05.14 01:24:07.935,0.69632,0.69653,1.00,1.00
2018.05.14 01:24:08.141,0.69634,0.69656,1.00,1.00
2018.05.14 01:24:08.696,0.69636,0.69655,1.00,1.00
2018.05.14 01:24:14.597,0.69633,0.69656,1.00,1.00
2018.05.14 01:24:14.750,0.69633,0.69654,1.57,1.00
2018.05.14 01:24:18.550,0.69633,0.69653,1.00,1.00
2018.05.14 01:24:18.653,0.69631,0.69652,1.00,1.00
2018.05.14 01:24:19.214,0.69632,0.69653,1.00,1.00
2018.05.14 01:24:19.999,0.69633,0.69655,1.00,1.00
2018.05.14 01:24:20.101,0.69638,0.69659,1.00,1.45
2018.05.14 01:24:20.343,0.69638,0.69659,1.00,1.10
2018.05.14 01:24:24.020,0.69639,0.6966,1.00,1.00
2018.05.14 01:24:25.776,0.69641,0.6966,1.00,1.00
2018.05.14 01:24:26.307,0.6964,0.69661,1.00,1.10
2018.05.14 01:24:28.941,0.69638,0.6966,1.10,1.00
2018.05.14 01:24:29.196,0.69638,0.69658,1.10,1.00
2018.05.14 01:24:29.351,0.69636,0.69657,1.10,1.00
2018.05.14 01:24:29.947,0.69637,0.69657,1.00,1.00
2018.05.14 01:24:31.788,0.69637,0.69659,1.00,1.00
2018.05.14 01:24:32.063,0.6964,0.6966,1.00,1.00
2018.05.14 01:24:32.216,0.69642,0.69663,1.00,1.00
2018.05.14 01:24:32.386,0.69644,0.69664,1.00,1.10
2018.05.14 01:24:33.009,0.69643,0.69664,1.00,1.00
2018.05.14 01:24:35.391,0.69641,0.69662,1.10,1.00
2018.05.14 01:24:36.011,0.69641,0.69663,1.00,1.12
2018.05.14 01:24:36.500,0.69642,0.69661,1.00,1.00
2018.05.14 01:24:36.914,0.69644,0.69664,1.00,1.00
2018.05.14 01:24:37.416,0.69644,0.69663,1.00,1.00
2018.05.14 01:24:37.468,0.69643,0.69665,1.00,1.10
2018.05.14 01:24:40.238,0.69644,0.69663,1.00,1.00
2018.05.14 01:24:40.291,0.69643,0.69665,1.00,1.20
2018.05.14 01:24:40.342,0.69641,0.69663,1.00,1.00
2018.05.14 01:24:41.411,0.6964,0.69661,1.07,1.00
2018.05.14 01:24:42.211,0.6964,0.69661,1.10,1.00
2018.05.14 01:24:43.037,0.69639,0.6966,1.00,1.00
2018.05.14 01:24:43.538,0.69638,0.69659,1.00,1.10
2018.05.14 01:24:43.865,0.6964,0.6966,1.00,1.10
2018.05.14 01:24:45.090,0.69639,0.6966,1.00,1.00
2018.05.14 01:24:52.543,0.69638,0.69659,1.00,1.00
2018.05.14 01:25:05.061,0.69638,0.6966,1.00,1.20
2018.05.14 01:25:05.588,0.69639,0.6966,1.00,1.00
2018.05.14 01:25:09.767,0.69639,0.6966,1.00,1.37
2018.05.14 01:25:17.624,0.69636,0.69663,1.20,2.32
2018.05.14 01:25:19.869,0.69633,0.69659,2.70,1.87
2018.05.14 01:25:20.012,0.69632,0.69657,1.20,1.37
2018.05.14 01:25:20.064,0.69629,0.69655,1.20,1.00
2018.05.14 01:25:20.167,0.69628,0.69654,1.07,1.07
2018.05.14 01:25:20.269,0.69627,0.69654,1.45,1.07
2018.05.14 01:25:20.974,0.69629,0.69652,1.00,1.00
2018.05.14 01:25:23.235,0.69629,0.69652,1.07,1.00
2018.05.14 01:25:27.513,0.69629,0.69652,1.00,1.00
2018.05.14 01:25:28.032,0.6963,0.69651,1.00,1.00
2018.05.14 01:25:28.471,0.69627,0.69646,1.00,1.00
2018.05.14 01:25:29.434,0.69625,0.69647,1.00,1.50
2018.05.14 01:25:29.485,0.69623,0.69644,1.57,1.00
2018.05.14 01:25:30.115,0.69624,0.69645,1.00,1.00
2018.05.14 01:25:31.254,0.69623,0.69645,1.10,1.00
2018.05.14 01:25:33.686,0.69627,0.69647,1.00,1.00
2018.05.14 01:25:35.019,0.69624,0.69645,1.57,1.00
2018.05.14 01:25:35.454,0.69626,0.69648,1.00,1.12
2018.05.14 01:25:35.970,0.69627,0.69649,1.00,1.37
2018.05.14 01:25:36.564,0.69627,0.69649,1.00,1.00
2018.05.14 01:25:36.798,0.69627,0.69649,1.20,1.00
2018.05.14 01:25:37.003,0.6963,0.69651,1.00,1.00
2018.05.14 01:25:37.156,0.69632,0.69652,1.00,1.00
2018.05.14 01:25:43.709,0.69634,0.69653,1.00,1.00
2018.05.14 01:25:44.228,0.69635,0.69653,1.00,1.00
2018.05.14 01:25:45.294,0.69636,0.69656,1.10,1.00
2018.05.14 01:25:45.346,0.69638,0.69657,1.50,1.00
2018.05.14 01:25:45.397,0.69639,0.69659,1.50,1.12
2018.05.14 01:25:45.899,0.69639,0.69657,1.10,1.00
2018.05.14 01:25:46.808,0.69637,0.69657,1.00,1.00
2018.05.14 01:25:53.271,0.69637,0.69659,1.50,1.00
2018.05.14 01:25:53.907,0.69637,0.69659,1.57,1.00
2018.05.14 01:26:00.090,0.69639,0.69658,1.00,1.00
2018.05.14 01:26:08.435,0.69638,0.6966,1.10,1.00
2018.05.14 01:26:10.553,0.69638,0.6966,1.20,1.00
2018.05.14 01:26:15.855,0.69638,0.6966,1.10,1.00
2018.05.14 01:26:18.471,0.69638,0.69659,1.10,1.00
2018.05.14 01:26:20.662,0.69639,0.69659,1.10,1.00
2018.05.14 01:26:20.714,0.69639,0.69661,1.57,1.00
2018.05.14 01:26:22.195,0.69643,0.69664,1.00,1.00
2018.05.14 01:26:22.711,0.69646,0.69665,1.00,1.72
2018.05.14 01:26:23.857,0.69645,0.69666,1.07,1.00
2018.05.14 01:26:24.368,0.69645,0.69664,1.57,1.00
2018.05.14 01:26:24.951,0.69645,0.69667,1.57,1.00
2018.05.14 01:26:25.351,0.69645,0.69664,1.57,1.00
2018.05.14 01:26:42.841,0.69645,0.69666,1.57,1.00
2018.05.14 01:26:45.132,0.69645,0.69665,1.10,1.00
2018.05.14 01:26:58.033,0.69644,0.69665,1.10,1.00
2018.05.14 01:27:00.091,0.69643,0.69665,1.10,1.00
2018.05.14 01:27:05.477,0.69643,0.69664,1.10,1.00
2018.05.14 01:27:06.361,0.69642,0.69663,1.07,1.37
2018.05.14 01:27:06.967,0.69642,0.69663,1.00,1.37
2018.05.14 01:27:10.691,0.69641,0.69662,1.10,1.12
2018.05.14 01:27:11.222,0.69642,0.69663,1.00,1.00
2018.05.14 01:27:11.735,0.69641,0.69663,1.00,1.00
2018.05.14 01:27:12.437,0.69641,0.69663,1.00,1.37
2018.05.14 01:27:12.983,0.69641,0.69663,1.00,1.50
2018.05.14 01:27:13.297,0.69642,0.69661,1.00,1.00
2018.05.14 01:27:15.090,0.69641,0.69663,1.00,1.00
2018.05.14 01:27:16.154,0.69641,0.69662,1.00,1.00
2018.05.14 01:27:16.978,0.6964,0.69662,1.00,1.00
2018.05.14 01:27:18.448,0.69641,0.69662,1.00,1.00
2018.05.14 01:27:18.989,0.6964,0.69661,1.00,1.00
2018.05.14 01:27:36.438,0.69639,0.69661,1.00,1.00
2018.05.14 01:27:43.135,0.69639,0.6966,1.00,1.00
2018.05.14 01:27:43.449,0.69639,0.69658,1.00,1.00
2018.05.14 01:27:47.609,0.69635,0.69656,1.10,1.00
2018.05.14 01:27:47.711,0.69635,0.69654,1.00,1.00
2018.05.14 01:27:48.681,0.69633,0.69655,1.12,1.37
2018.05.14 01:27:49.690,0.69634,0.69655,1.00,1.37
2018.05.14 01:27:49.793,0.69634,0.69656,1.00,1.50
2018.05.14 01:27:50.001,0.69636,0.69657,1.00,1.50
2018.05.14 01:27:50.547,0.69635,0.69657,1.50,1.50
2018.05.14 01:27:53.105,0.69634,0.69656,2.32,1.00
2018.05.14 01:27:55.454,0.69635,0.69655,1.00,1.00
2018.05.14 01:27:56.560,0.69633,0.69654,1.10,1.00
2018.05.14 01:28:02.554,0.69633,0.69652,1.10,1.00
2018.05.14 01:28:03.055,0.69633,0.69652,1.07,1.00
2018.05.14 01:28:04.066,0.69633,0.69652,1.00,1.00
2018.05.14 01:28:10.252,0.69633,0.69655,1.10,1.00
2018.05.14 01:28:13.090,0.69634,0.69655,1.00,1.00
2018.05.14 01:28:20.923,0.69634,0.69656,1.00,1.20
2018.05.14 01:28:24.584,0.69634,0.69655,1.00,1.00
2018.05.14 01:28:25.100,0.69635,0.69656,1.00,1.00
2018.05.14 01:28:25.615,0.69635,0.69657,1.00,1.00
2018.05.14 01:28:35.448,0.69637,0.69656,1.00,1.00
2018.05.14 01:28:36.142,0.69636,0.69657,1.00,1.00
2018.05.14 01:28:36.458,0.69636,0.69655,1.00,1.00
2018.05.14 01:28:40.654,0.69635,0.69657,1.00,1.12
2018.05.14 01:28:42.585,0.69637,0.69656,1.00,1.00
2018.05.14 01:28:42.925,0.69637,0.69658,1.00,1.12
2018.05.14 01:28:43.463,0.69638,0.6966,1.00,1.00
2018.05.14 01:28:45.090,0.69637,0.69659,2.32,1.00
2018.05.14 01:28:49.545,0.6964,0.6966,1.00,1.00
2018.05.14 01:28:49.750,0.69641,0.69663,1.00,1.10
2018.05.14 01:28:49.801,0.69643,0.69664,1.00,1.57
2018.05.14 01:28:50.396,0.69643,0.69664,1.00,1.00
2018.05.14 01:28:51.169,0.69643,0.69665,1.00,1.42
2018.05.14 01:28:52.362,0.69643,0.69663,1.00,1.00
2018.05.14 01:28:52.968,0.69643,0.69665,1.00,1.12
2018.05.14 01:28:56.003,0.69643,0.69665,1.00,1.37
2018.05.14 01:28:56.707,0.69643,0.69665,1.00,1.12
2018.05.14 01:29:01.052,0.69643,0.69665,1.00,1.37
2018.05.14 01:29:10.036,0.69643,0.69665,1.00,1.50
2018.05.14 01:29:10.138,0.69643,0.69665,1.00,1.57
2018.05.14 01:29:10.642,0.69643,0.69665,1.00,1.57
2018.05.14 01:29:19.421,0.69642,0.69664,1.00,1.12
2018.05.14 01:29:26.124,0.69643,0.69664,1.00,1.12
2018.05.14 01:29:26.729,0.69643,0.69665,1.00,1.20
2018.05.14 01:29:27.862,0.69643,0.69665,1.00,1.47
2018.05.14 01:29:34.036,0.69643,0.69663,1.00,1.00
2018.05.14 01:29:34.294,0.69643,0.69665,1.00,1.42
2018.05.14 01:29:34.801,0.69644,0.69664,1.00,1.00
2018.05.14 01:29:35.341,0.69644,0.69663,1.00,1.00
2018.05.14 01:29:44.295,0.69643,0.69663,1.00,1.12
2018.05.14 01:29:45.106,0.69642,0.69663,1.00,1.20
2018.05.14 01:29:48.509,0.69644,0.69664,1.00,1.00
2018.05.14 01:30:00.090,0.69643,0.69664,1.00,1.00
2018.05.14 01:30:02.248,0.6964,0.69661,1.10,1.00
2018.05.14 01:30:02.966,0.69639,0.69661,1.12,1.00
2018.05.14 01:30:06.661,0.69638,0.69658,1.35,1.00
2018.05.14 01:30:06.890,0.69634,0.69656,1.50,1.35
2018.05.14 01:30:14.551,0.69635,0.69657,1.00,1.10
2018.05.14 01:30:15.095,0.69636,0.69657,1.00,1.00
2018.05.14 01:30:18.537,0.69636,0.69655,1.10,1.00
2018.05.14 01:30:18.589,0.69634,0.69656,1.57,1.00
2018.05.14 01:30:19.799,0.69633,0.69655,1.10,1.00
2018.05.14 01:30:23.255,0.69636,0.69656,1.00,1.00
2018.05.14 01:30:23.781,0.69637,0.69656,1.00,1.00
2018.05.14 01:30:23.832,0.69637,0.69659,1.00,1.00
2018.05.14 01:30:25.908,0.69637,0.69659,1.00,1.37
2018.05.14 01:30:27.133,0.69636,0.69657,1.00,1.00
2018.05.14 01:30:27.185,0.69633,0.69655,2.32,1.12
2018.05.14 01:30:28.338,0.69633,0.69655,1.00,1.57
2018.05.14 01:30:29.062,0.69633,0.69653,1.00,1.00
2018.05.14 01:30:29.584,0.6963,0.6965,1.10,1.00
2018.05.14 01:30:30.116,0.69629,0.69651,1.00,1.57
2018.05.14 01:30:30.424,0.69624,0.69645,1.00,1.00
2018.05.14 01:30:33.931,0.69627,0.69649,1.00,1.95
2018.05.14 01:30:34.033,0.69627,0.69649,1.00,1.20
2018.05.14 01:30:34.714,0.69628,0.6965,1.00,1.57
2018.05.14 01:30:35.474,0.6963,0.69649,1.00,1.12
2018.05.14 01:30:37.024,0.69628,0.69649,1.00,1.00
2018.05.14 01:30:37.740,0.69629,0.6965,1.00,1.12
2018.05.14 01:30:40.576,0.69627,0.69649,1.00,1.00
2018.05.14 01:30:40.743,0.69628,0.69649,1.00,1.47
2018.05.14 01:30:40.896,0.6963,0.69652,1.00,1.57
2018.05.14 01:30:41.966,0.6963,0.69652,1.00,1.57
2018.05.14 01:30:42.473,0.6963,0.69651,1.00,1.20
2018.05.14 01:30:43.684,0.69631,0.69651,1.00,1.10
2018.05.14 01:30:43.889,0.69629,0.69651,1.00,1.47
2018.05.14 01:30:50.472,0.6963,0.69649,1.00,1.37
2018.05.14 01:30:51.223,0.6963,0.69649,1.00,1.00
2018.05.14 01:30:52.023,0.6963,0.6965,1.00,1.10
2018.05.14 01:30:53.386,0.69629,0.6965,1.00,1.00
2018.05.14 01:30:58.103,0.69628,0.69649,1.00,1.00
2018.05.14 01:31:01.676,0.69625,0.69647,1.20,1.00
2018.05.14 01:31:02.215,0.69624,0.69646,1.12,1.00
2018.05.14 01:31:02.266,0.69623,0.69644,1.10,1.00
2018.05.14 01:31:05.472,0.69622,0.69644,1.00,1.00
2018.05.14 01:31:07.734,0.69621,0.69643,1.12,1.37
2018.05.14 01:31:08.393,0.69621,0.69643,1.00,1.12
2018.05.14 01:31:10.098,0.69621,0.69642,1.00,1.12
2018.05.14 01:31:10.377,0.69619,0.69641,1.00,1.00
2018.05.14 01:31:15.627,0.69619,0.69641,1.00,1.37
2018.05.14 01:31:16.134,0.69619,0.69641,1.00,1.12
2018.05.14 01:31:16.774,0.6962,0.69642,1.00,1.00
2018.05.14 01:31:17.240,0.69622,0.69643,1.00,1.00
2018.05.14 01:31:17.574,0.69624,0.69643,1.00,1.00
2018.05.14 01:31:17.626,0.69623,0.69645,1.00,1.20
2018.05.14 01:31:18.363,0.69623,0.69644,1.00,1.00
2018.05.14 01:31:23.391,0.69623,0.69643,1.00,1.00
2018.05.14 01:31:23.813,0.69623,0.69645,1.00,1.12
2018.05.14 01:31:24.024,0.69625,0.69646,1.00,1.10
2018.05.14 01:31:27.559,0.69625,0.69644,1.00,1.00
2018.05.14 01:31:27.840,0.69623,0.69644,1.10,1.00
2018.05.14 01:31:30.091,0.69623,0.69645,1.12,1.00
2018.05.14 01:31:34.664,0.69624,0.69646,1.00,1.12
2018.05.14 01:31:36.515,0.69624,0.69644,1.10,1.00
2018.05.14 01:31:37.311,0.69624,0.69646,1.00,1.12
2018.05.14 01:31:39.016,0.69625,0.69646,1.00,1.12
2018.05.14 01:31:41.601,0.69626,0.69647,1.00,1.10
2018.05.14 01:31:41.655,0.69628,0.69648,1.00,1.72
2018.05.14 01:31:42.235,0.69629,0.6965,1.00,2.47
2018.05.14 01:31:44.707,0.69627,0.69648,1.00,1.35
2018.05.14 01:31:44.810,0.69625,0.69647,1.10,1.00
2018.05.14 01:31:45.009,0.69629,0.69648,1.00,1.35
2018.05.14 01:31:47.660,0.6963,0.69649,1.00,1.60
2018.05.14 01:31:47.712,0.69627,0.69649,1.00,1.60
2018.05.14 01:31:49.447,0.69626,0.69647,1.00,1.00
2018.05.14 01:31:50.449,0.69627,0.69647,1.00,1.00
2018.05.14 01:31:53.926,0.69628,0.69648,1.00,1.00
2018.05.14 01:31:54.498,0.69628,0.6965,1.10,1.37
2018.05.14 01:31:55.909,0.69628,0.6965,1.10,1.12
2018.05.14 01:31:56.544,0.6963,0.69651,1.00,1.47
2018.05.14 01:32:00.387,0.6963,0.69651,1.00,1.20
2018.05.14 01:32:00.489,0.69626,0.69648,1.00,1.00
2018.05.14 01:32:00.541,0.69625,0.69646,1.00,1.07
2018.05.14 01:32:00.845,0.69625,0.69645,1.00,1.57
2018.05.14 01:32:01.648,0.69623,0.69644,1.00,1.20
2018.05.14 01:32:04.481,0.69622,0.69643,1.00,1.10
2018.05.14 01:32:04.789,0.69623,0.69645,1.00,1.20
2018.05.14 01:32:04.841,0.69625,0.69644,1.00,1.00
2018.05.14 01:32:05.490,0.69624,0.69644,1.00,1.12
2018.05.14 01:32:07.232,0.69623,0.69644,1.00,1.12
2018.05.14 01:32:07.761,0.69622,0.69643,1.00,1.10
2018.05.14 01:32:08.469,0.69621,0.69643,1.00,1.20
2018.05.14 01:32:11.861,0.69623,0.69644,1.00,1.20
2018.05.14 01:32:15.090,0.69623,0.69643,1.00,1.00
2018.05.14 01:32:28.090,0.69624,0.69643,1.00,1.00
2018.05.14 01:32:30.090,0.69623,0.69643,1.00,1.00
2018.05.14 01:32:30.989,0.69623,0.69644,1.00,1.20
2018.05.14 01:32:31.293,0.69625,0.69644,1.00,1.37
2018.05.14 01:32:31.394,0.69624,0.69646,1.00,1.57
2018.05.14 01:32:32.827,0.69624,0.69646,1.00,2.32
2018.05.14 01:32:35.448,0.69623,0.69645,1.00,1.47
2018.05.14 01:32:43.415,0.69623,0.69645,1.00,1.57
2018.05.14 01:32:45.117,0.69623,0.69645,1.00,1.95
2018.05.14 01:32:50.383,0.69624,0.69643,1.00,1.00
2018.05.14 01:32:51.151,0.69622,0.69642,1.00,1.00
2018.05.14 01:32:52.414,0.6962,0.69642,1.00,1.00
2018.05.14 01:32:52.465,0.69622,0.69641,1.00,1.50
2018.05.14 01:33:03.447,0.69621,0.69641,1.00,1.12
2018.05.14 01:33:07.814,0.69621,0.6964,1.00,1.00
2018.05.14 01:33:09.409,0.6962,0.6964,1.00,1.10
2018.05.14 01:33:09.585,0.69617,0.69638,1.00,1.00
2018.05.14 01:33:09.943,0.69615,0.69637,1.00,1.00
2018.05.14 01:33:10.486,0.69615,0.69637,1.00,1.07
2018.05.14 01:33:11.094,0.69616,0.69637,1.00,1.00
2018.05.14 01:33:12.466,0.69617,0.69638,1.00,1.07
2018.05.14 01:33:14.825,0.69616,0.69638,1.00,1.07
2018.05.14 01:33:18.452,0.69617,0.69638,1.00,1.07
2018.05.14 01:33:25.403,0.69621,0.69641,1.00,1.45
2018.05.14 01:33:25.455,0.69618,0.6964,1.00,1.00
2018.05.14 01:33:25.997,0.69618,0.6964,1.00,1.07
2018.05.14 01:33:31.411,0.69617,0.69639,1.00,1.20
2018.05.14 01:33:36.005,0.69617,0.69639,1.00,1.47
2018.05.14 01:33:38.944,0.69619,0.69638,1.00,1.00
2018.05.14 01:33:39.539,0.69619,0.69639,1.00,1.57
2018.05.14 01:33:45.091,0.69618,0.69639,1.00,1.57
2018.05.14 01:33:51.780,0.69617,0.69639,1.12,1.10
2018.05.14 01:33:57.197,0.69618,0.69639,1.00,1.10
2018.05.14 01:33:57.515,0.69621,0.69642,1.00,1.45
2018.05.14 01:33:57.822,0.69623,0.69642,1.00,1.20
2018.05.14 01:33:58.370,0.69623,0.69642,1.00,1.10
2018.05.14 01:33:58.422,0.69621,0.69643,1.00,1.20
2018.05.14 01:33:58.747,0.69621,0.69641,1.00,1.00
2018.05.14 01:33:59.389,0.6962,0.69641,1.00,1.07
2018.05.14 01:34:00.116,0.69619,0.69641,1.00,1.07
2018.05.14 01:34:00.690,0.69619,0.69641,1.00,1.10
2018.05.14 01:34:01.808,0.69619,0.69641,1.00,1.07
2018.05.14 01:34:02.379,0.6962,0.69642,1.00,3.30
2018.05.14 01:34:03.462,0.69621,0.6964,1.00,1.10
2018.05.14 01:34:09.995,0.69618,0.6964,1.00,1.00
2018.05.14 01:34:10.199,0.69621,0.6964,1.00,1.00
2018.05.14 01:34:15.091,0.6962,0.69642,1.00,1.07
2018.05.14 01:34:16.366,0.69618,0.69639,1.00,1.10
2018.05.14 01:34:16.418,0.69616,0.69638,1.12,1.00
2018.05.14 01:34:22.375,0.69615,0.69636,1.37,1.00
2018.05.14 01:34:22.902,0.69616,0.69636,1.00,1.00
2018.05.14 01:34:24.195,0.69616,0.69638,1.00,1.00
2018.05.14 01:34:24.938,0.69616,0.69636,1.00,1.00
2018.05.14 01:34:28.091,0.69615,0.69636,1.00,1.00
2018.05.14 01:34:30.091,0.69615,0.69637,1.00,1.10
2018.05.14 01:34:33.514,0.69617,0.69638,1.00,1.00
2018.05.14 01:34:35.499,0.69617,0.69637,1.00,1.00
2018.05.14 01:34:38.656,0.69617,0.69639,1.00,1.57
2018.05.14 01:34:42.928,0.69618,0.6964,1.00,1.10
2018.05.14 01:34:49.840,0.6962,0.69641,1.00,1.00
2018.05.14 01:34:50.141,0.69626,0.69648,3.00,1.50
2018.05.14 01:34:50.193,0.6963,0.69651,1.00,1.20
2018.05.14 01:34:50.244,0.69631,0.69651,1.50,1.00
2018.05.14 01:34:50.809,0.69632,0.69652,1.00,1.00
2018.05.14 01:34:51.585,0.69631,0.69652,3.07,1.00
2018.05.14 01:34:52.089,0.69632,0.69652,1.00,1.00
2018.05.14 01:35:03.034,0.69632,0.69653,1.00,1.20
2018.05.14 01:35:05.464,0.69633,0.69653,1.00,1.12
2018.05.14 01:35:12.160,0.69633,0.69653,1.00,1.47
2018.05.14 01:35:14.915,0.69632,0.69653,1.00,1.37
2018.05.14 01:35:15.222,0.69627,0.69647,1.00,1.12
2018.05.14 01:35:15.770,0.69627,0.69648,1.50,1.00
2018.05.14 01:35:15.977,0.69631,0.69652,1.00,1.57
2018.05.14 01:35:16.570,0.69631,0.69652,1.50,1.12
2018.05.14 01:35:16.899,0.6963,0.69651,1.00,1.47
2018.05.14 01:35:17.417,0.6963,0.69651,1.00,1.20
2018.05.14 01:35:18.101,0.69628,0.69649,3.75,1.12
2018.05.14 01:35:18.482,0.69627,0.69647,1.00,1.00
2018.05.14 01:35:19.210,0.69628,0.69647,1.00,1.00
2018.05.14 01:35:19.420,0.69626,0.69647,1.00,1.00
2018.05.14 01:35:19.769,0.69631,0.69653,1.00,2.70
2018.05.14 01:35:19.821,0.69631,0.69653,2.25,1.95
2018.05.14 01:35:20.364,0.69631,0.69653,2.25,1.20
2018.05.14 01:35:22.988,0.69631,0.69653,1.50,1.57
2018.05.14 01:35:25.311,0.6963,0.6965,1.00,1.00
2018.05.14 01:35:25.413,0.69628,0.69649,1.00,1.10
2018.05.14 01:35:25.465,0.69626,0.69647,1.10,1.00
2018.05.14 01:35:26.253,0.69626,0.69647,1.00,1.57
2018.05.14 01:35:26.488,0.69627,0.69648,1.00,1.00
2018.05.14 01:35:27.626,0.6963,0.69651,1.00,1.07
2018.05.14 01:35:28.163,0.6963,0.69651,1.00,1.57
2018.05.14 01:35:28.664,0.6963,0.6965,1.00,1.10
2018.05.14 01:35:29.191,0.69629,0.6965,1.00,1.57
2018.05.14 01:35:29.775,0.6963,0.69652,1.00,1.57
2018.05.14 01:35:30.299,0.69629,0.6965,1.00,1.00
2018.05.14 01:35:30.555,0.69627,0.69649,1.00,1.10
2018.05.14 01:35:31.204,0.69628,0.69649,1.00,1.00
2018.05.14 01:35:32.044,0.69629,0.6965,1.00,1.20
2018.05.14 01:35:32.860,0.69629,0.69649,1.00,1.00
2018.05.14 01:35:33.482,0.69628,0.69649,1.00,1.00
2018.05.14 01:35:34.217,0.69631,0.6965,1.00,1.00
2018.05.14 01:35:35.448,0.69631,0.69651,1.00,1.00
2018.05.14 01:35:36.187,0.69632,0.69654,1.00,2.32
2018.05.14 01:35:36.350,0.69633,0.69654,1.00,1.10
2018.05.14 01:35:36.402,0.69635,0.69654,1.00,1.10
2018.05.14 01:35:37.201,0.69635,0.69656,1.00,1.07
2018.05.14 01:35:37.518,0.69637,0.69656,1.00,1.00
2018.05.14 01:35:45.090,0.69636,0.69658,1.00,1.10
2018.05.14 01:35:49.212,0.69637,0.69659,1.00,1.45
2018.05.14 01:35:52.301,0.69637,0.69659,1.00,1.20
2018.05.14 01:35:53.869,0.69637,0.69659,1.00,1.47
2018.05.14 01:35:54.389,0.69636,0.69658,1.00,1.20
2018.05.14 01:35:58.091,0.69636,0.69657,1.00,1.00
2018.05.14 01:36:02.353,0.69637,0.69658,1.00,1.20
2018.05.14 01:36:03.035,0.69636,0.69657,1.00,1.00
2018.05.14 01:36:23.754,0.69636,0.69657,1.00,1.47
2018.05.14 01:36:24.753,0.69636,0.69657,1.00,1.20
2018.05.14 01:36:25.282,0.69636,0.69657,1.00,1.47
2018.05.14 01:36:26.413,0.69635,0.69656,1.00,1.12
2018.05.14 01:36:37.077,0.69635,0.69657,1.00,1.95
2018.05.14 01:36:37.411,0.69637,0.69659,1.00,1.47
2018.05.14 01:36:38.134,0.69638,0.69659,1.00,1.10
2018.05.14 01:36:41.258,0.69638,0.69659,1.00,1.07
2018.05.14 01:36:41.310,0.69634,0.69654,1.50,1.00
2018.05.14 01:36:41.838,0.69633,0.69652,1.00,1.00
2018.05.14 01:36:42.042,0.69631,0.69652,1.00,1.00
2018.05.14 01:36:45.136,0.6963,0.69651,1.00,1.00
2018.05.14 01:36:48.464,0.6963,0.69652,1.00,1.00
2018.05.14 01:36:48.572,0.69632,0.69652,1.00,1.00
2018.05.14 01:36:48.694,0.69633,0.69654,2.25,1.00
2018.05.14 01:36:49.400,0.69633,0.69654,2.25,1.07
2018.05.14 01:37:03.448,0.69632,0.69654,1.87,1.07
2018.05.14 01:37:05.448,0.69633,0.69654,1.00,1.07
2018.05.14 01:37:15.091,0.69632,0.69653,1.50,1.10
2018.05.14 01:37:34.792,0.69633,0.69653,1.00,1.00
2018.05.14 01:37:36.844,0.69634,0.69656,1.00,1.07
2018.05.14 01:37:37.102,0.69631,0.69655,1.50,1.80
2018.05.14 01:37:37.204,0.69634,0.69653,1.00,1.00
2018.05.14 01:37:40.965,0.69634,0.69655,1.00,1.00
2018.05.14 01:37:45.095,0.69633,0.69655,1.00,1.00
2018.05.14 01:37:49.040,0.69635,0.69654,1.00,1.00
2018.05.14 01:37:49.092,0.69634,0.69656,1.50,1.00
2018.05.14 01:37:49.144,0.69635,0.69654,1.00,1.00
2018.05.14 01:37:49.297,0.69636,0.69657,1.00,1.45
2018.05.14 01:37:51.118,0.69637,0.69658,1.00,1.37
2018.05.14 01:37:51.324,0.69634,0.69654,1.00,1.00
2018.05.14 01:37:51.907,0.69635,0.69654,1.00,1.00
2018.05.14 01:37:54.759,0.69635,0.69657,1.00,1.07
2018.05.14 01:37:58.055,0.69635,0.69657,1.00,1.20
2018.05.14 01:38:00.091,0.69634,0.69656,1.00,1.07
2018.05.14 01:38:04.439,0.69633,0.69655,1.00,1.10
2018.05.14 01:38:04.976,0.69632,0.69653,1.00,1.00
2018.05.14 01:38:07.804,0.69634,0.69653,1.00,1.00
2018.05.14 01:38:16.284,0.69632,0.69652,1.00,1.00
2018.05.14 01:38:17.072,0.69631,0.69652,1.12,1.00
2018.05.14 01:38:23.388,0.69631,0.69653,1.00,1.12
2018.05.14 01:38:23.491,0.69632,0.69651,1.00,1.00
2018.05.14 01:38:24.085,0.69631,0.69653,1.00,1.00
2018.05.14 01:38:25.389,0.69631,0.69653,1.00,1.07
2018.05.14 01:38:26.148,0.69631,0.69653,1.00,1.00
2018.05.14 01:38:34.126,0.69632,0.69653,1.00,1.00
2018.05.14 01:38:34.833,0.69633,0.69654,1.00,1.00
2018.05.14 01:38:38.999,0.69633,0.69654,1.00,1.37
2018.05.14 01:38:39.305,0.69634,0.69655,1.00,1.10
2018.05.14 01:38:42.940,0.69635,0.69657,1.00,1.45
2018.05.14 01:38:43.469,0.69636,0.69657,1.00,1.45
2018.05.14 01:38:44.104,0.69636,0.69657,1.00,1.07
2018.05.14 01:38:44.620,0.69635,0.69657,1.00,1.10
2018.05.14 01:38:45.091,0.69636,0.69655,1.00,1.00
2018.05.14 01:38:47.995,0.69637,0.69656,1.00,1.00
2018.05.14 01:38:50.455,0.69637,0.69657,1.00,1.00
2018.05.14 01:38:51.369,0.69637,0.69658,1.00,1.00
2018.05.14 01:39:00.105,0.69637,0.69657,1.00,1.00
2018.05.14 01:39:13.655,0.69638,0.69657,1.00,1.00
2018.05.14 01:39:16.499,0.69635,0.69657,1.00,1.07
2018.05.14 01:39:16.754,0.69632,0.69652,1.00,1.07
2018.05.14 01:39:16.806,0.6963,0.69651,1.00,1.42
2018.05.14 01:39:16.858,0.69628,0.69645,1.00,2.10
2018.05.14 01:39:16.910,0.69625,0.69645,1.87,1.60
2018.05.14 01:39:16.962,0.69625,0.69646,1.12,1.70
2018.05.14 01:39:17.303,0.69627,0.69646,1.00,1.60
2018.05.14 01:39:17.737,0.69628,0.69647,1.00,1.00
2018.05.14 01:39:17.789,0.69628,0.69649,1.00,1.10
2018.05.14 01:39:19.005,0.6963,0.69649,1.00,1.00
2018.05.14 01:39:19.058,0.69631,0.69652,1.00,1.20
2018.05.14 01:39:19.212,0.69633,0.69655,1.00,2.17
2018.05.14 01:39:19.314,0.69629,0.69651,1.50,1.00
2018.05.14 01:39:19.519,0.69631,0.69651,1.00,1.00
2018.05.14 01:39:20.448,0.6963,0.69651,1.00,1.00
2018.05.14 01:39:21.516,0.69629,0.6965,1.00,1.00
2018.05.14 01:39:26.115,0.69628,0.6965,3.00,1.00
2018.05.14 01:39:26.435,0.69629,0.69648,1.00,1.00
2018.05.14 01:39:30.446,0.69627,0.69649,1.00,1.10
2018.05.14 01:39:30.549,0.69629,0.6965,1.00,1.00
2018.05.14 01:39:31.916,0.6963,0.69651,1.00,1.12
2018.05.14 01:39:34.298,0.69631,0.69651,1.00,1.00
2018.05.14 01:39:35.449,0.69631,0.69653,1.00,1.10
2018.05.14 01:39:36.157,0.69631,0.69652,1.00,1.00
2018.05.14 01:39:38.728,0.69631,0.69651,1.00,1.00
2018.05.14 01:39:38.779,0.69632,0.69654,1.00,1.07
2018.05.14 01:39:39.458,0.69632,0.69654,1.00,1.10
2018.05.14 01:39:41.754,0.69634,0.69654,1.00,1.00
2018.05.14 01:39:41.806,0.69635,0.69656,1.00,1.10
2018.05.14 01:39:42.347,0.69634,0.69655,1.37,1.00
2018.05.14 01:39:43.033,0.69634,0.69655,1.00,1.00
2018.05.14 01:39:43.760,0.69635,0.69654,1.00,1.00
2018.05.14 01:39:44.033,0.69633,0.69654,1.00,1.00
2018.05.14 01:39:45.311,0.69635,0.69656,1.00,1.00
2018.05.14 01:39:45.617,0.69638,0.69658,1.00,1.00
2018.05.14 01:39:46.166,0.69638,0.6966,1.00,1.47
2018.05.14 01:39:50.116,0.69638,0.6966,1.00,1.00
2018.05.14 01:39:50.688,0.69639,0.6966,1.00,1.00
2018.05.14 01:39:51.191,0.69639,0.69661,1.00,1.35
2018.05.14 01:39:51.519,0.69641,0.6966,1.00,1.00
2018.05.14 01:39:53.276,0.69639,0.6966,1.00,1.00
2018.05.14 01:39:53.896,0.69638,0.6966,1.00,1.37
2018.05.14 01:39:55.285,0.69638,0.6966,1.00,1.00
2018.05.14 01:39:56.354,0.69638,0.6966,1.00,1.37
2018.05.14 01:39:58.585,0.69638,0.6966,1.00,1.37
2018.05.14 01:39:59.108,0.69637,0.69657,1.00,1.00
2018.05.14 01:39:59.682,0.69636,0.69656,1.00,1.00
2018.05.14 01:40:00.512,0.69632,0.69654,1.07,1.00
2018.05.14 01:40:00.564,0.69632,0.69651,1.00,1.00
2018.05.14 01:40:05.449,0.6963,0.69651,1.00,1.35
2018.05.14 01:40:13.663,0.6963,0.6965,1.00,1.00
2018.05.14 01:40:20.116,0.69626,0.69648,2.70,1.00
2018.05.14 01:40:20.754,0.69628,0.69648,1.12,1.00
2018.05.14 01:40:21.320,0.69631,0.69651,1.00,1.10
2018.05.14 01:40:21.371,0.69629,0.69651,1.00,2.47
2018.05.14 01:40:21.423,0.69627,0.6965,1.00,1.10
2018.05.14 01:40:21.525,0.69628,0.6965,1.00,1.57
2018.05.14 01:40:22.129,0.69628,0.6965,1.00,1.20
2018.05.14 01:40:22.430,0.69627,0.69648,1.00,1.00
2018.05.14 01:40:31.019,0.69626,0.69648,1.00,1.00
2018.05.14 01:40:31.172,0.69624,0.69648,2.32,1.00
2018.05.14 01:40:31.393,0.69626,0.69648,1.00,1.12
2018.05.14 01:40:33.020,0.69626,0.69647,1.00,1.00
2018.05.14 01:40:33.603,0.69626,0.69646,1.00,1.00
2018.05.14 01:40:42.282,0.69626,0.69647,1.00,1.00
2018.05.14 01:40:45.091,0.69625,0.69647,1.00,1.00
2018.05.14 01:40:48.418,0.69624,0.69646,1.12,1.00
2018.05.14 01:40:49.168,0.69625,0.69646,1.00,1.10
2018.05.14 01:40:50.068,0.69621,0.69643,2.70,1.00
2018.05.14 01:40:50.609,0.69622,0.69643,1.00,1.00
2018.05.14 01:41:00.661,0.69624,0.69643,1.00,1.00
2018.05.14 01:41:00.869,0.69623,0.69645,1.00,1.10
2018.05.14 01:41:01.416,0.69623,0.69644,1.00,1.00
2018.05.14 01:41:09.904,0.69624,0.69643,1.00,1.00
2018.05.14 01:41:15.132,0.69623,0.69645,1.00,1.07
2018.05.14 01:41:23.242,0.69624,0.69645,1.00,1.35
2018.05.14 01:41:24.433,0.69625,0.69646,1.00,1.67
2018.05.14 01:41:26.270,0.69626,0.69647,1.00,1.80
2018.05.14 01:41:26.970,0.69625,0.69647,1.00,1.80
2018.05.14 01:41:30.695,0.69625,0.69647,1.00,1.20
2018.05.14 01:41:34.475,0.69626,0.69648,1.00,1.10
2018.05.14 01:41:34.527,0.69628,0.69647,1.00,1.00
2018.05.14 01:41:34.731,0.69626,0.69647,1.00,1.10
2018.05.14 01:41:37.168,0.69627,0.69648,1.00,1.00
2018.05.14 01:41:37.483,0.69627,0.69646,1.00,1.00
2018.05.14 01:41:38.680,0.69626,0.69645,1.00,1.00
2018.05.14 01:41:38.919,0.69624,0.69646,1.00,1.00
2018.05.14 01:41:43.060,0.69624,0.69645,1.00,1.00
2018.05.14 01:41:50.500,0.69623,0.69645,1.00,1.00
2018.05.14 01:41:58.952,0.69625,0.69646,1.00,1.10
2018.05.14 01:41:59.596,0.69624,0.69645,1.00,1.00
2018.05.14 01:42:00.359,0.69622,0.69644,1.00,1.00
2018.05.14 01:42:05.449,0.69623,0.69645,1.00,1.42
2018.05.14 01:42:06.247,0.69623,0.69645,1.00,1.42
2018.05.14 01:42:06.955,0.69623,0.69645,1.00,1.42
2018.05.14 01:42:20.451,0.69624,0.69643,1.00,1.00
2018.05.14 01:42:28.091,0.69624,0.69644,1.00,1.00
2018.05.14 01:42:35.053,0.69622,0.69643,1.00,1.00
2018.05.14 01:42:42.929,0.69621,0.69642,1.00,1.37
2018.05.14 01:42:43.184,0.69617,0.69639,1.10,1.00
2018.05.14 01:42:43.235,0.69619,0.6964,1.00,2.47
2018.05.14 01:42:44.099,0.69622,0.69643,1.00,1.07
2018.05.14 01:42:44.705,0.69622,0.69643,1.00,1.00
2018.05.14 01:42:45.302,0.69622,0.69644,1.00,1.80
2018.05.14 01:42:49.407,0.69624,0.69644,1.00,1.00
2018.05.14 01:42:50.096,0.69624,0.69645,1.00,1.12
2018.05.14 01:42:52.238,0.69623,0.69644,1.00,1.00
2018.05.14 01:42:52.773,0.69622,0.69643,1.00,1.00
2018.05.14 01:42:54.749,0.69623,0.69643,1.00,1.00
2018.05.14 01:42:55.414,0.69623,0.69644,1.00,1.00
2018.05.14 01:42:57.087,0.69624,0.69645,1.00,1.10
2018.05.14 01:43:00.219,0.69626,0.69647,1.00,1.07
2018.05.14 01:43:01.247,0.69626,0.69647,1.12,1.10
2018.05.14 01:43:02.017,0.69627,0.69648,1.00,1.10
2018.05.14 01:43:05.212,0.69627,0.69648,1.00,1.07
2018.05.14 01:43:05.978,0.69627,0.69648,1.00,1.00
2018.05.14 01:43:23.468,0.69627,0.69649,1.00,1.42
2018.05.14 01:43:23.993,0.69627,0.69648,1.00,1.00
2018.05.14 01:43:26.247,0.69628,0.69648,1.00,1.00
2018.05.14 01:43:26.768,0.69628,0.69648,1.00,1.20
2018.05.14 01:43:27.113,0.69624,0.69645,1.00,1.80
2018.05.14 01:43:33.032,0.69625,0.69647,1.00,1.67
2018.05.14 01:43:34.136,0.69625,0.69647,1.00,1.42
2018.05.14 01:43:34.187,0.69627,0.69646,1.00,1.10
2018.05.14 01:43:34.325,0.69626,0.69648,1.00,1.10
2018.05.14 01:43:34.913,0.69627,0.69649,1.00,1.42
2018.05.14 01:43:36.756,0.69624,0.69649,1.10,1.80
2018.05.14 01:43:36.858,0.69627,0.69648,1.00,1.10
2018.05.14 01:43:52.396,0.69627,0.69648,1.00,1.20
2018.05.14 01:43:58.386,0.69628,0.69649,1.00,1.80
2018.05.14 01:43:58.438,0.69628,0.69649,1.00,1.42
2018.05.14 01:44:05.450,0.69627,0.69648,1.00,1.10
2018.05.14 01:44:05.813,0.69625,0.69647,1.00,1.45
2018.05.14 01:44:06.349,0.69625,0.69647,1.00,1.57
2018.05.14 01:44:06.921,0.69626,0.69647,1.00,1.57
2018.05.14 01:44:07.075,0.69624,0.69646,1.00,1.07
2018.05.14 01:44:07.126,0.69626,0.69646,1.00,1.00
2018.05.14 01:44:10.910,0.69625,0.69645,1.00,1.07
2018.05.14 01:44:35.776,0.69622,0.69643,1.00,1.12
2018.05.14 01:44:36.355,0.69623,0.69644,1.00,1.12
2018.05.14 01:44:37.428,0.69624,0.69645,1.00,1.47
2018.05.14 01:44:44.663,0.69621,0.69643,1.50,1.00
2018.05.14 01:44:44.766,0.6962,0.69639,1.00,1.00
2018.05.14 01:44:44.869,0.69617,0.69638,1.37,1.00
2018.05.14 01:44:45.391,0.69617,0.69638,1.00,1.10
2018.05.14 01:45:29.215,0.69616,0.69637,1.00,1.00
2018.05.14 01:45:30.095,0.69615,0.69637,1.00,1.10
2018.05.14 01:45:31.160,0.69617,0.69639,1.00,1.07
2018.05.14 01:45:31.507,0.69619,0.69639,1.00,1.00
2018.05.14 01:45:32.072,0.69619,0.6964,1.00,1.00
2018.05.14 01:45:36.913,0.69619,0.69638,1.00,1.00
2018.05.14 01:45:42.684,0.69618,0.6964,1.00,1.45
2018.05.14 01:45:44.068,0.69618,0.6964,1.00,1.20
2018.05.14 01:45:50.016,0.69618,0.6964,1.00,1.10
2018.05.14 01:45:51.526,0.69618,0.6964,1.00,1.57
2018.05.14 01:45:51.577,0.69614,0.69636,1.00,1.00
2018.05.14 01:45:51.780,0.69613,0.69634,1.00,1.00
2018.05.14 01:45:52.467,0.69614,0.69636,1.00,1.10
2018.05.14 01:45:53.267,0.69614,0.69636,1.00,1.37
2018.05.14 01:45:57.745,0.69613,0.69634,1.00,1.00
2018.05.14 01:46:05.574,0.69614,0.69636,1.00,1.10
2018.05.14 01:46:05.626,0.69613,0.69633,1.00,1.00
2018.05.14 01:46:05.729,0.69615,0.69636,1.00,1.10
2018.05.14 01:46:11.885,0.69618,0.69637,1.00,1.37
2018.05.14 01:46:11.988,0.69619,0.69638,1.00,1.00
2018.05.14 01:46:12.040,0.69621,0.69639,1.00,1.10
2018.05.14 01:46:12.271,0.69616,0.69638,1.00,1.00
2018.05.14 01:46:12.424,0.69613,0.69638,1.10,1.47
2018.05.14 01:46:12.526,0.69616,0.69636,1.00,1.00
2018.05.14 01:46:14.686,0.69616,0.69638,1.00,1.10
2018.05.14 01:46:18.157,0.69613,0.69637,1.95,1.12
2018.05.14 01:46:18.330,0.69615,0.69634,1.00,1.00
2018.05.14 01:46:20.452,0.69613,0.69635,2.62,1.00
2018.05.14 01:46:22.543,0.69612,0.69634,1.00,1.00
2018.05.14 01:46:23.115,0.69612,0.69634,1.20,1.00
2018.05.14 01:46:23.766,0.69612,0.69634,1.10,1.00
2018.05.14 01:46:27.470,0.69611,0.69633,1.10,1.00
2018.05.14 01:46:27.573,0.69611,0.69631,1.00,1.10
2018.05.14 01:46:27.899,0.69615,0.69634,1.00,1.47
2018.05.14 01:46:28.055,0.69612,0.69634,2.25,1.37
2018.05.14 01:46:28.753,0.69613,0.69634,1.00,1.57
2018.05.14 01:46:29.395,0.69613,0.69634,1.00,1.10
2018.05.14 01:46:29.846,0.69613,0.69632,1.00,1.10
2018.05.14 01:46:30.833,0.69611,0.69632,1.00,1.00
2018.05.14 01:46:31.973,0.69611,0.6963,1.00,1.00
2018.05.14 01:46:33.647,0.69611,0.69631,1.00,1.00
2018.05.14 01:46:34.796,0.69611,0.69633,1.00,1.00
2018.05.14 01:46:43.437,0.69609,0.69632,2.32,1.00
2018.05.14 01:46:43.635,0.69611,0.69633,1.00,1.00
2018.05.14 01:46:44.837,0.69611,0.69633,1.00,1.07
2018.05.14 01:46:45.298,0.6961,0.6963,1.00,1.00
2018.05.14 01:46:48.449,0.69609,0.6963,1.00,1.00
2018.05.14 01:46:51.639,0.6961,0.69632,1.00,1.07
2018.05.14 01:46:52.230,0.69611,0.69631,1.00,1.00
2018.05.14 01:46:52.692,0.69609,0.69631,1.00,1.00
2018.05.14 01:46:54.107,0.69608,0.6963,1.12,1.00
2018.05.14 01:46:59.179,0.6961,0.69631,1.00,1.47
2018.05.14 01:46:59.486,0.69612,0.69633,1.00,1.42
2018.05.14 01:47:00.139,0.69613,0.69633,1.00,1.42
2018.05.14 01:47:00.190,0.69611,0.69633,1.00,1.42
2018.05.14 01:47:00.781,0.6961,0.69632,1.00,1.10
2018.05.14 01:47:01.342,0.6961,0.69632,1.00,1.47
2018.05.14 01:47:01.700,0.69607,0.69626,1.00,1.00
2018.05.14 01:47:02.164,0.69604,0.69626,1.00,1.10
2018.05.14 01:47:02.216,0.69603,0.69624,1.00,1.00
2018.05.14 01:47:04.734,0.69604,0.69624,1.00,1.00
2018.05.14 01:47:05.507,0.69604,0.69623,1.00,1.00
2018.05.14 01:47:13.117,0.69602,0.69624,1.00,1.00
2018.05.14 01:47:16.485,0.69603,0.69625,1.00,1.07
2018.05.14 01:47:17.993,0.69603,0.69625,1.00,1.10
2018.05.14 01:47:18.347,0.69604,0.69623,1.00,1.00
2018.05.14 01:47:20.450,0.69602,0.69624,1.00,1.00
2018.05.14 01:47:24.272,0.69604,0.69625,1.00,1.00
2018.05.14 01:47:24.425,0.69605,0.69627,1.00,1.10
2018.05.14 01:47:25.612,0.69607,0.69627,1.00,1.00
2018.05.14 01:47:26.779,0.69608,0.69628,1.00,1.10
2018.05.14 01:47:27.035,0.69612,0.69633,1.00,1.00
2018.05.14 01:47:27.613,0.69613,0.69634,1.00,1.00
2018.05.14 01:47:30.091,0.69613,0.69635,1.00,1.00
2018.05.14 01:47:31.902,0.69614,0.69635,1.00,1.00
2018.05.14 01:47:35.495,0.69613,0.69635,1.00,1.12
2018.05.14 01:47:36.469,0.69613,0.69635,1.00,1.20
2018.05.14 01:47:48.716,0.69613,0.69635,1.00,1.12
2018.05.14 01:47:55.935,0.69614,0.69636,1.00,1.00
2018.05.14 01:47:57.415,0.69614,0.69636,1.00,1.07
2018.05.14 01:47:58.362,0.69613,0.69635,1.00,1.37
2018.05.14 01:48:00.407,0.69613,0.69635,1.00,1.37
2018.05.14 01:48:01.246,0.69613,0.69635,1.00,1.00
2018.05.14 01:48:05.450,0.69613,0.69634,1.00,1.00
2018.05.14 01:48:12.798,0.69612,0.69634,1.00,1.00
2018.05.14 01:48:13.267,0.69614,0.69633,1.00,1.00
2018.05.14 01:48:17.156,0.69613,0.69635,1.00,1.00
2018.05.14 01:48:18.465,0.69614,0.69633,1.00,1.00
2018.05.14 01:48:22.257,0.69614,0.69635,1.00,1.10
2018.05.14 01:48:28.092,0.69615,0.69635,1.00,1.00
2018.05.14 01:48:30.092,0.69614,0.69635,1.00,1.00
2018.05.14 01:48:45.092,0.69615,0.69635,1.00,1.00
2018.05.14 01:48:50.449,0.69614,0.69635,1.00,1.00
2018.05.14 01:48:51.365,0.69614,0.69635,1.00,1.37
2018.05.14 01:48:57.958,0.69614,0.69635,1.00,1.00
2018.05.14 01:48:58.010,0.69616,0.69637,1.00,1.20
2018.05.14 01:49:00.132,0.69615,0.69636,1.00,1.00
2018.05.14 01:49:01.093,0.69615,0.69636,1.00,1.07
2018.05.14 01:49:01.704,0.69614,0.69635,1.00,1.10
2018.05.14 01:49:08.939,0.69615,0.69636,1.00,1.07
2018.05.14 01:49:09.534,0.69615,0.69636,1.00,1.00
2018.05.14 01:49:15.097,0.69614,0.69636,1.00,1.00
2018.05.14 01:49:16.016,0.69614,0.69636,1.00,1.07
2018.05.14 01:49:18.330,0.69613,0.69635,1.00,1.07
2018.05.14 01:49:49.927,0.69614,0.69635,1.00,1.07
2018.05.14 01:49:54.777,0.69614,0.69635,1.00,1.00
2018.05.14 01:49:55.084,0.69618,0.69639,1.00,1.07
2018.05.14 01:49:55.663,0.69617,0.69638,1.00,1.00
2018.05.14 01:50:00.705,0.69618,0.6964,1.00,1.42
2018.05.14 01:50:01.011,0.6962,0.6964,1.00,1.20
2018.05.14 01:50:01.596,0.69619,0.6964,1.00,1.80
2018.05.14 01:50:05.452,0.69618,0.6964,1.00,1.80
2018.05.14 01:50:05.967,0.69618,0.69637,1.00,1.00
2018.05.14 01:50:06.121,0.69616,0.69637,1.00,1.00
2018.05.14 01:50:06.640,0.69616,0.69637,1.00,1.20
2018.05.14 01:50:19.440,0.69616,0.69637,1.00,1.10
2018.05.14 01:50:19.490,0.69616,0.69637,1.00,1.20
2018.05.14 01:50:21.434,0.69616,0.69637,1.00,1.10
2018.05.14 01:50:29.639,0.69618,0.69637,1.00,1.00
2018.05.14 01:50:30.307,0.69615,0.69637,1.72,1.00
2018.05.14 01:50:30.907,0.69617,0.69638,1.00,1.10
2018.05.14 01:50:33.050,0.69617,0.69636,1.00,1.10
2018.05.14 01:50:36.515,0.69614,0.69636,1.00,1.57
2018.05.14 01:50:37.447,0.69613,0.69635,1.10,1.00
2018.05.14 01:50:45.092,0.69613,0.69634,1.00,1.00
2018.05.14 01:50:46.635,0.69614,0.69635,1.00,1.00
2018.05.14 01:50:47.140,0.69614,0.69636,1.00,1.72
2018.05.14 01:50:50.454,0.69614,0.69635,1.00,1.00
2018.05.14 01:50:54.938,0.69618,0.69638,1.00,1.00
2018.05.14 01:50:55.688,0.69617,0.69638,1.00,1.00
2018.05.14 01:51:00.601,0.69617,0.69639,1.00,1.20
2018.05.14 01:51:01.043,0.69619,0.69639,1.00,1.12
2018.05.14 01:51:01.146,0.69617,0.69639,1.10,1.12
2018.05.14 01:51:01.703,0.69617,0.69638,1.00,1.00
2018.05.14 01:51:05.025,0.69616,0.69637,1.00,1.00
2018.05.14 01:51:12.557,0.69615,0.69636,1.00,1.00
2018.05.14 01:51:29.967,0.69613,0.69635,1.00,1.12
2018.05.14 01:51:30.020,0.69611,0.69633,1.10,1.97
2018.05.14 01:51:30.123,0.69609,0.69633,1.10,1.37
2018.05.14 01:51:30.174,0.69611,0.69632,1.00,1.37
2018.05.14 01:51:30.747,0.6961,0.69631,1.00,1.12
2018.05.14 01:51:33.480,0.69609,0.69631,1.00,1.20
2018.05.14 01:51:35.462,0.6961,0.69629,1.00,1.00
2018.05.14 01:51:45.782,0.69609,0.69631,1.00,1.80
2018.05.14 01:52:07.350,0.69609,0.69631,1.10,1.00
2018.05.14 01:52:07.790,0.69613,0.69634,1.00,1.50
2018.05.14 01:52:10.806,0.69614,0.69634,1.00,1.00
2018.05.14 01:52:10.857,0.69615,0.69636,1.00,1.42
2018.05.14 01:52:15.161,0.69614,0.69635,1.00,1.00
2018.05.14 01:52:15.707,0.69615,0.69636,1.00,1.00
2018.05.14 01:52:16.428,0.69615,0.69636,1.00,1.37
2018.05.14 01:52:18.450,0.69616,0.69635,1.00,1.10
2018.05.14 01:52:19.489,0.69614,0.69635,1.00,1.10
2018.05.14 01:52:30.092,0.69613,0.69634,1.00,1.00
2018.05.14 01:52:30.405,0.6961,0.69632,1.47,1.00
2018.05.14 01:52:30.954,0.6961,0.69632,1.00,1.00
2018.05.14 01:52:32.159,0.69611,0.6963,1.00,1.00
2018.05.14 01:52:34.810,0.69609,0.69631,1.00,1.00
2018.05.14 01:52:35.059,0.69609,0.69631,1.00,1.37
2018.05.14 01:52:36.211,0.69608,0.6963,1.00,1.37
2018.05.14 01:52:38.253,0.69608,0.6963,1.00,1.37
2018.05.14 01:52:44.311,0.6961,0.6963,1.00,1.47
2018.05.14 01:52:44.538,0.69607,0.69628,1.10,1.12
2018.05.14 01:52:44.591,0.69604,0.69626,1.07,1.00
2018.05.14 01:52:45.134,0.69604,0.69625,1.00,1.00
2018.05.14 01:52:48.078,0.69604,0.69624,1.00,1.00
2018.05.14 01:52:48.129,0.69602,0.69624,1.00,1.00
2018.05.14 01:52:48.677,0.69602,0.69623,1.00,1.00
2018.05.14 01:52:54.873,0.69605,0.69625,1.00,1.50
2018.05.14 01:52:55.387,0.69606,0.69626,1.00,1.00
2018.05.14 01:52:59.068,0.69607,0.69629,1.00,1.45
2018.05.14 01:52:59.120,0.69609,0.6963,1.00,1.57
2018.05.14 01:52:59.455,0.69611,0.69631,1.00,1.30
2018.05.14 01:53:00.018,0.69614,0.69634,1.00,3.07
2018.05.14 01:53:00.070,0.69614,0.69633,1.00,1.00
2018.05.14 01:53:00.456,0.69611,0.69633,1.07,1.37
2018.05.14 01:53:00.558,0.6961,0.69632,1.00,1.12
2018.05.14 01:53:01.102,0.69609,0.69631,1.00,1.00
2018.05.14 01:53:02.301,0.69608,0.6963,1.00,1.00
2018.05.14 01:53:03.484,0.69608,0.69629,1.00,1.00
2018.05.14 01:53:05.124,0.69609,0.6963,1.00,1.00
2018.05.14 01:53:05.695,0.69609,0.69631,1.10,1.00
2018.05.14 01:53:08.167,0.6961,0.69631,1.00,1.12
2018.05.14 01:53:13.092,0.6961,0.6963,1.12,1.00
2018.05.14 01:53:18.437,0.6961,0.69632,1.00,1.42
2018.05.14 01:53:19.551,0.6961,0.69632,1.00,1.80
2018.05.14 01:53:20.094,0.69609,0.69631,1.00,1.20
2018.05.14 01:53:20.694,0.6961,0.69631,1.00,1.20
2018.05.14 01:53:26.061,0.69611,0.69631,1.00,1.00
2018.05.14 01:53:54.593,0.69612,0.69631,1.00,1.00
2018.05.14 01:53:55.118,0.69612,0.69633,1.00,1.70
2018.05.14 01:53:57.574,0.69612,0.69633,1.00,1.10
2018.05.14 01:54:01.157,0.69617,0.69639,1.50,2.32
2018.05.14 01:54:01.209,0.69619,0.69639,1.00,1.20
2018.05.14 01:54:01.310,0.6962,0.69641,1.50,1.00
2018.05.14 01:54:01.578,0.69622,0.69642,1.00,1.00
2018.05.14 01:54:02.480,0.69622,0.69643,1.00,1.00
2018.05.14 01:54:06.500,0.69622,0.69642,1.00,1.00
2018.05.14 01:54:13.092,0.69622,0.69643,1.00,1.12
2018.05.14 01:54:25.537,0.69622,0.69643,1.00,1.37
2018.05.14 01:54:33.787,0.69622,0.69643,1.00,1.00
2018.05.14 01:54:33.839,0.69624,0.69643,1.00,1.10
2018.05.14 01:54:35.451,0.69624,0.69642,1.00,1.00
2018.05.14 01:55:00.094,0.69624,0.69643,1.00,1.12
2018.05.14 01:55:05.163,0.69624,0.69643,1.00,1.37
2018.05.14 01:55:27.826,0.69624,0.69643,1.00,1.12
2018.05.14 01:55:34.076,0.69622,0.69643,1.00,1.12
2018.05.14 01:55:34.284,0.69622,0.69643,1.00,1.37
2018.05.14 01:55:49.737,0.69622,0.69643,1.00,1.37
2018.05.14 01:56:00.162,0.69621,0.69645,1.70,1.37
2018.05.14 01:56:00.933,0.69623,0.69645,1.50,1.37
2018.05.14 01:56:08.382,0.6963,0.69649,1.00,1.37
2018.05.14 01:56:08.485,0.6963,0.69649,1.00,1.00
2018.05.14 01:56:08.537,0.6963,0.69652,1.00,1.57
2018.05.14 01:56:09.192,0.6963,0.69652,1.10,1.12
2018.05.14 01:56:11.396,0.69631,0.69653,1.00,1.37
2018.05.14 01:56:13.206,0.69632,0.69653,1.00,1.37
2018.05.14 01:56:15.092,0.69633,0.69652,1.00,1.12
2018.05.14 01:56:15.362,0.69632,0.69654,1.50,1.12
2018.05.14 01:56:15.917,0.69633,0.69654,1.00,1.12
2018.05.14 01:56:17.947,0.69635,0.69655,1.00,1.12
2018.05.14 01:56:18.360,0.69637,0.69656,1.00,1.37
2018.05.14 01:56:23.376,0.69636,0.69657,1.00,1.00
2018.05.14 01:56:23.480,0.69634,0.69657,1.50,1.37
2018.05.14 01:56:30.092,0.69636,0.69655,1.00,1.00
2018.05.14 01:56:46.345,0.69637,0.69657,1.00,1.00
2018.05.14 01:57:00.092,0.69637,0.69656,1.00,1.00
2018.05.14 01:57:01.220,0.69638,0.69656,1.00,1.00
2018.05.14 01:57:01.271,0.6964,0.69662,2.10,1.37
2018.05.14 01:57:01.323,0.69643,0.69665,1.50,2.70
2018.05.14 01:57:05.451,0.69644,0.69665,1.00,1.37
2018.05.14 01:57:06.213,0.69644,0.69665,1.00,1.00
2018.05.14 01:57:06.821,0.69645,0.69665,1.00,1.00
2018.05.14 01:57:08.041,0.69646,0.69665,1.00,1.00
2018.05.14 01:57:08.368,0.69644,0.69663,1.12,1.00
2018.05.14 01:57:09.462,0.69643,0.69662,1.37,1.00
2018.05.14 01:57:09.794,0.69642,0.69664,1.37,1.10
2018.05.14 01:57:09.898,0.69642,0.69664,1.00,1.00
2018.05.14 01:57:10.458,0.69641,0.69663,1.00,1.00
2018.05.14 01:57:11.496,0.69641,0.69662,1.00,1.00
2018.05.14 01:57:11.874,0.69641,0.6966,1.00,1.00
2018.05.14 01:57:12.160,0.6964,0.69662,1.10,1.00
2018.05.14 01:57:12.464,0.69642,0.69664,1.37,1.07
2018.05.14 01:57:12.820,0.69644,0.69664,1.47,1.00
2018.05.14 01:57:12.973,0.69643,0.69663,1.10,1.00
2018.05.14 01:57:13.176,0.69643,0.69663,1.45,1.00
2018.05.14 01:57:13.293,0.69643,0.69663,1.10,1.00
2018.05.14 01:57:15.314,0.69643,0.69663,1.20,1.00
2018.05.14 01:57:16.370,0.69643,0.69663,1.50,1.00
2018.05.14 01:57:30.092,0.69643,0.69664,1.10,1.00
2018.05.14 01:57:33.679,0.69644,0.69664,1.00,1.00
2018.05.14 01:57:34.798,0.69644,0.69666,1.00,1.37
2018.05.14 01:57:34.849,0.69647,0.69668,1.00,1.37
2018.05.14 01:57:35.004,0.69646,0.69667,1.00,1.00
2018.05.14 01:57:35.106,0.69648,0.69669,1.00,1.12
2018.05.14 01:57:35.412,0.6965,0.6967,1.20,1.37
2018.05.14 01:57:35.929,0.6965,0.6967,1.20,1.37
2018.05.14 01:57:40.196,0.6965,0.69672,1.10,1.37
2018.05.14 01:57:43.752,0.69651,0.6967,1.00,1.37
2018.05.14 01:57:44.210,0.69649,0.69669,1.20,1.00
2018.05.14 01:57:44.932,0.69649,0.69669,1.20,1.00
2018.05.14 01:57:45.433,0.69648,0.69669,1.00,1.00
2018.05.14 01:57:46.976,0.69649,0.6967,1.00,1.12
2018.05.14 01:57:48.765,0.69653,0.69673,1.00,1.07
2018.05.14 01:57:48.817,0.69653,0.69674,1.00,1.87
2018.05.14 01:57:48.868,0.69656,0.69674,1.00,1.12
2018.05.14 01:57:49.022,0.69656,0.69677,1.10,1.37
2018.05.14 01:57:49.726,0.69655,0.69675,1.45,1.00
2018.05.14 01:57:49.847,0.69651,0.69675,1.45,1.37
2018.05.14 01:57:49.898,0.69649,0.69673,1.45,1.12
2018.05.14 01:57:49.949,0.69652,0.69671,1.10,1.00
2018.05.14 01:57:50.000,0.69653,0.69673,1.00,1.12
2018.05.14 01:57:50.522,0.69653,0.69675,1.00,2.62
2018.05.14 01:57:53.662,0.69654,0.69673,1.00,1.87
2018.05.14 01:57:53.714,0.69646,0.69668,1.57,1.00
2018.05.14 01:57:53.766,0.69645,0.69666,1.00,1.00
2018.05.14 01:57:54.754,0.69647,0.69667,1.00,1.00
2018.05.14 01:57:54.959,0.6965,0.69671,1.00,1.00
2018.05.14 01:57:55.124,0.69651,0.69673,1.00,3.00
2018.05.14 01:57:55.378,0.69646,0.69672,5.17,1.37
2018.05.14 01:57:56.431,0.6965,0.69672,1.20,1.37
2018.05.14 01:58:02.931,0.6965,0.69671,1.00,1.87
2018.05.14 01:58:03.033,0.69643,0.69665,1.57,1.00
2018.05.14 01:58:03.084,0.69643,0.69662,1.20,1.00
2018.05.14 01:58:03.707,0.69643,0.69662,1.00,1.00
2018.05.14 01:58:04.433,0.69642,0.69664,1.20,1.37
2018.05.14 01:58:06.937,0.69642,0.69664,1.45,1.37
2018.05.14 01:58:08.662,0.69644,0.69663,1.20,1.00
2018.05.14 01:58:09.425,0.69644,0.69664,1.20,1.00
2018.05.14 01:58:11.363,0.69644,0.69664,1.10,1.00
2018.05.14 01:58:11.691,0.6964,0.69659,1.45,1.00
2018.05.14 01:58:11.955,0.6964,0.69661,1.45,1.00
2018.05.14 01:58:12.459,0.69641,0.69662,1.10,1.00
2018.05.14 01:58:13.036,0.69641,0.69662,1.20,1.00
2018.05.14 01:58:13.721,0.69641,0.69663,1.20,1.00
2018.05.14 01:58:15.093,0.69641,0.69662,1.20,1.00
2018.05.14 01:58:20.099,0.6964,0.69662,1.20,1.37
2018.05.14 01:58:20.668,0.6964,0.69662,1.20,1.37
2018.05.14 01:58:23.487,0.6964,0.69662,1.20,1.12
2018.05.14 01:58:24.030,0.69641,0.69662,1.10,1.12
2018.05.14 01:58:30.412,0.69641,0.69662,1.10,1.37
2018.05.14 01:58:37.045,0.69641,0.69662,1.20,1.37
2018.05.14 01:58:37.097,0.69641,0.69662,1.20,1.12
2018.05.14 01:58:37.200,0.6964,0.69659,1.45,1.00
2018.05.14 01:58:37.303,0.69638,0.6966,1.45,1.00
2018.05.14 01:58:37.895,0.69639,0.6966,1.20,1.12
2018.05.14 01:58:39.764,0.69639,0.6966,1.20,1.12
2018.05.14 01:58:44.464,0.69639,0.6966,1.20,1.37
2018.05.14 01:58:45.249,0.69639,0.69661,1.00,1.37
2018.05.14 01:58:45.402,0.69641,0.69662,1.00,1.37
2018.05.14 01:58:50.127,0.69641,0.69662,1.10,1.00
2018.05.14 01:58:50.229,0.69642,0.69664,1.10,1.12
2018.05.14 01:58:50.763,0.69642,0.69664,1.20,1.12
2018.05.14 01:58:50.814,0.69642,0.69662,1.20,1.00
2018.05.14 01:58:51.541,0.69642,0.69662,1.00,1.00
2018.05.14 01:58:52.232,0.69642,0.69662,1.00,1.37
2018.05.14 01:58:52.734,0.69641,0.69663,1.00,2.62
2018.05.14 01:58:57.345,0.69642,0.69661,1.00,1.12
2018.05.14 01:58:59.346,0.69641,0.69662,1.00,1.37
2018.05.14 01:59:00.113,0.6964,0.69661,1.00,1.37
2018.05.14 01:59:01.632,0.6964,0.6966,1.00,1.37
2018.05.14 01:59:03.078,0.6964,0.69659,1.00,1.12
2018.05.14 01:59:04.249,0.69638,0.6966,1.00,1.37
2018.05.14 01:59:04.351,0.69639,0.6966,1.10,1.37
2018.05.14 01:59:05.148,0.69639,0.6966,1.10,1.00
2018.05.14 01:59:05.734,0.6964,0.69661,1.00,1.00
2018.05.14 01:59:09.248,0.69641,0.69661,1.00,1.00
2018.05.14 01:59:12.807,0.69642,0.69662,1.12,1.00
2018.05.14 01:59:13.440,0.69642,0.69663,1.12,1.00
2018.05.14 01:59:15.125,0.69642,0.69664,1.57,1.00
2018.05.14 01:59:15.722,0.69642,0.69664,1.20,1.00
2018.05.14 01:59:16.191,0.69646,0.69667,1.00,2.32
2018.05.14 01:59:16.401,0.69648,0.69669,1.00,1.00
2018.05.14 01:59:16.453,0.6965,0.69669,1.00,1.50
2018.05.14 01:59:17.057,0.6965,0.69671,1.00,1.37
2018.05.14 01:59:19.488,0.6965,0.6967,1.00,1.37
2018.05.14 01:59:22.604,0.69649,0.6967,1.10,1.37
2018.05.14 01:59:23.326,0.69649,0.6967,1.10,1.12
2018.05.14 01:59:23.988,0.6965,0.6967,1.00,1.12
2018.05.14 01:59:28.092,0.69651,0.6967,1.00,1.12
2018.05.14 01:59:28.195,0.69651,0.6967,1.00,1.37
2018.05.14 01:59:30.093,0.6965,0.6967,1.00,1.37
2018.05.14 01:59:34.113,0.6965,0.6967,1.00,1.00
2018.05.14 01:59:40.165,0.6965,0.6967,1.00,1.37
2018.05.14 01:59:40.369,0.6965,0.69671,1.00,1.37
2018.05.14 01:59:43.841,0.69645,0.69667,1.20,1.12
2018.05.14 01:59:43.892,0.69644,0.69665,1.20,1.00
2018.05.14 01:59:44.045,0.69641,0.69663,1.10,1.00
2018.05.14 01:59:44.582,0.69639,0.69661,1.20,1.12
2018.05.14 01:59:45.051,0.69641,0.6966,1.00,1.00
2018.05.14 01:59:45.255,0.69636,0.69657,1.20,1.00
2018.05.14 01:59:45.393,0.69635,0.69656,1.10,1.00
2018.05.14 01:59:45.898,0.69636,0.69658,1.00,1.57
2018.05.14 01:59:46.344,0.69637,0.69656,1.00,1.00
2018.05.14 01:59:46.887,0.69636,0.69656,1.00,1.00
2018.05.14 01:59:47.643,0.69636,0.69658,1.00,1.50
2018.05.14 01:59:48.362,0.69635,0.69657,1.10,1.00
2018.05.14 01:59:49.504,0.69634,0.69656,1.00,1.00
2018.05.14 01:59:50.453,0.69634,0.69655,1.00,1.00
2018.05.14 01:59:58.237,0.69633,0.69654,1.10,1.00
