2010.05.21 12:00:00.821,0.7706,0.77125,1.00,2.40
2010.05.21 12:00:01.161,0.7707,0.77135,2.40,2.50
2010.05.21 12:00:02.041,0.77075,0.7714,2.40,2.40
2010.05.21 12:00:03.574,0.77085,0.7715,2.40,2.50
2010.05.21 12:00:04.214,0.77075,0.77145,2.50,3.20
2010.05.21 12:00:04.768,0.7708,0.77145,1.00,2.40
2010.05.21 12:00:05.101,0.77085,0.77155,2.40,2.50
2010.05.21 12:00:05.496,0.77085,0.77155,2.40,3.30
2010.05.21 12:00:06.294,0.77085,0.77145,2.40,1.00
2010.05.21 12:00:06.628,0.77075,0.77145,2.40,2.40
2010.05.21 12:00:06.922,0.7708,0.77145,2.40,1.00
2010.05.21 12:00:08.020,0.77075,0.77145,2.40,2.40
2010.05.21 12:00:08.876,0.7706,0.7714,2.40,2.80
2010.05.21 12:00:09.200,0.7706,0.7714,2.40,2.40
2010.05.21 12:00:09.439,0.7706,0.7714,2.40,2.50
2010.05.21 12:00:10.332,0.77055,0.77135,2.40,2.40
2010.05.21 12:00:11.516,0.7705,0.77135,2.40,2.50
2010.05.21 12:00:12.189,0.77045,0.7713,2.40,2.40
2010.05.21 12:00:13.334,0.7705,0.77135,2.40,3.30
2010.05.21 12:00:13.612,0.77055,0.77135,1.00,2.50
2010.05.21 12:00:13.880,0.7706,0.7713,2.40,1.00
2010.05.21 12:00:14.149,0.7707,0.7713,2.40,1.00
2010.05.21 12:00:15.969,0.7707,0.77135,2.40,2.40
2010.05.21 12:00:16.139,0.7707,0.7714,2.40,3.30
2010.05.21 12:00:16.309,0.7707,0.7714,2.40,2.50
2010.05.21 12:00:17.503,0.7707,0.77135,2.40,1.00
2010.05.21 12:00:17.729,0.77075,0.77135,3.20,1.00
2010.05.21 12:00:18.131,0.77075,0.7714,3.20,1.00
2010.05.21 12:00:18.359,0.7708,0.7714,2.40,1.00
2010.05.21 12:00:19.016,0.7708,0.77135,2.40,1.00
2010.05.21 12:00:19.349,0.7709,0.77155,3.20,2.50
2010.05.21 12:00:19.539,0.77095,0.7716,1.00,2.50
2010.05.21 12:00:20.129,0.7709,0.7716,3.20,2.50
2010.05.21 12:00:20.310,0.771,0.77155,2.40,1.00
2010.05.21 12:00:21.731,0.77095,0.77155,3.20,1.00
2010.05.21 12:00:21.951,0.7709,0.7715,3.20,1.00
2010.05.21 12:00:23.240,0.771,0.7716,2.40,1.00
2010.05.21 12:00:25.491,0.77095,0.7716,3.20,1.00
2010.05.21 12:00:26.152,0.771,0.77155,2.40,1.00
2010.05.21 12:00:26.442,0.771,0.7716,2.40,1.00
2010.05.21 12:00:26.730,0.771,0.77155,2.40,1.00
2010.05.21 12:00:27.821,0.77105,0.7716,2.40,1.00
2010.05.21 12:00:28.439,0.771,0.7716,2.40,1.00
2010.05.21 12:00:29.332,0.77105,0.77165,2.40,1.00
2010.05.21 12:00:29.765,0.77105,0.7716,2.40,1.00
2010.05.21 12:00:30.059,0.77095,0.7716,3.20,1.00
2010.05.21 12:00:30.765,0.77095,0.77165,3.20,2.50
2010.05.21 12:00:31.103,0.7711,0.7718,2.40,3.30
2010.05.21 12:00:31.339,0.7711,0.7718,2.40,2.50
2010.05.21 12:00:32.531,0.7711,0.77175,2.40,1.00
2010.05.21 12:00:32.765,0.7711,0.7718,2.40,2.50
2010.05.21 12:00:35.345,0.7711,0.7718,3.20,2.50
2010.05.21 12:00:35.681,0.77115,0.77175,2.40,1.00
2010.05.21 12:00:36.858,0.77115,0.77185,2.40,2.50
2010.05.21 12:00:40.700,0.7711,0.7718,2.50,2.40
2010.05.21 12:00:41.820,0.7711,0.77185,3.30,3.30
2010.05.21 12:00:42.499,0.7711,0.7718,3.20,1.00
2010.05.21 12:00:43.723,0.7711,0.7718,3.20,2.50
2010.05.21 12:00:44.040,0.7711,0.7718,2.40,2.40
2010.05.21 12:00:45.559,0.7711,0.77175,2.40,1.00
2010.05.21 12:00:46.012,0.7711,0.7718,2.50,2.40
2010.05.21 12:00:46.766,0.77115,0.77175,2.40,1.00
2010.05.21 12:00:47.127,0.77115,0.7718,2.40,1.00
2010.05.21 12:00:48.770,0.77135,0.772,2.40,2.40
2010.05.21 12:00:48.989,0.77135,0.77195,2.40,1.00
2010.05.21 12:00:50.022,0.7713,0.77195,1.00,2.40
2010.05.21 12:00:50.350,0.77135,0.772,2.40,2.50
2010.05.21 12:00:51.525,0.77145,0.772,2.40,1.00
2010.05.21 12:00:51.822,0.7714,0.77215,2.40,2.40
2010.05.21 12:00:52.111,0.7714,0.77215,3.60,2.40
2010.05.21 12:00:52.401,0.77145,0.7721,2.40,2.40
2010.05.21 12:00:53.221,0.7715,0.77225,2.40,2.40
2010.05.21 12:00:53.930,0.77155,0.77225,2.40,2.40
2010.05.21 12:00:54.941,0.77155,0.77225,2.40,2.40
2010.05.21 12:00:55.279,0.7715,0.7722,3.20,2.40
2010.05.21 12:00:56.440,0.7715,0.7722,3.20,2.50
2010.05.21 12:00:56.920,0.77145,0.77215,2.40,2.40
2010.05.21 12:00:57.873,0.77135,0.77205,1.00,2.40
2010.05.21 12:00:58.210,0.7713,0.77205,2.40,3.20
2010.05.21 12:00:58.562,0.7713,0.77205,2.40,3.30
2010.05.21 12:00:58.901,0.7713,0.77195,2.40,2.40
2010.05.21 12:00:59.750,0.7712,0.77195,3.20,2.40
2010.05.21 12:00:59.939,0.7712,0.77195,3.30,2.40
2010.05.21 12:01:00.129,0.7712,0.77195,3.20,2.50
2010.05.21 12:01:00.319,0.7712,0.7719,2.40,2.40
2010.05.21 12:01:01.371,0.77115,0.77195,3.20,3.20
2010.05.21 12:01:01.700,0.77115,0.77185,2.50,2.40
2010.05.21 12:01:02.030,0.77115,0.77185,2.40,2.40
2010.05.21 12:01:04.295,0.7711,0.7718,3.30,2.40
2010.05.21 12:01:04.471,0.7711,0.77175,2.40,2.40
2010.05.21 12:01:06.119,0.7711,0.77175,2.40,2.50
2010.05.21 12:01:07.455,0.7711,0.7718,2.40,2.50
2010.05.21 12:01:07.791,0.77115,0.7718,2.40,1.00
2010.05.21 12:01:08.031,0.7711,0.7718,3.20,1.00
2010.05.21 12:01:08.598,0.77115,0.77185,3.20,1.00
2010.05.21 12:01:10.639,0.77115,0.77185,3.20,1.00
2010.05.21 12:01:10.919,0.77115,0.7718,3.20,1.00
2010.05.21 12:01:11.986,0.77115,0.77185,3.20,1.00
2010.05.21 12:01:11.992,0.77115,0.77185,1.00,1.00
2010.05.21 12:01:12.350,0.7711,0.77175,2.40,2.40
2010.05.21 12:01:12.460,0.7711,0.7718,2.40,1.00
2010.05.21 12:01:12.570,0.7711,0.7718,2.40,1.00
2010.05.21 12:01:13.435,0.7711,0.77185,2.40,3.30
2010.05.21 12:01:14.112,0.7711,0.77185,2.40,3.20
2010.05.21 12:01:15.589,0.7711,0.77185,2.40,3.30
2010.05.21 12:01:15.930,0.77105,0.77175,1.00,2.40
2010.05.21 12:01:16.801,0.77115,0.77185,2.40,2.40
2010.05.21 12:01:17.141,0.77115,0.77185,2.40,2.50
2010.05.21 12:01:18.012,0.7712,0.77185,2.40,1.00
2010.05.21 12:01:18.301,0.7712,0.77185,2.40,1.00
2010.05.21 12:01:18.590,0.77115,0.77185,2.40,3.20
2010.05.21 12:01:19.370,0.77115,0.7718,2.40,2.40
2010.05.21 12:01:19.650,0.7711,0.77175,2.40,2.40
2010.05.21 12:01:20.330,0.77115,0.7718,2.40,2.40
2010.05.21 12:01:21.250,0.7711,0.77185,2.40,3.20
2010.05.21 12:01:21.589,0.7711,0.77185,2.40,3.30
2010.05.21 12:01:22.424,0.7711,0.7718,2.40,1.00
2010.05.21 12:01:22.712,0.77105,0.77175,2.40,2.40
2010.05.21 12:01:25.287,0.77105,0.77175,2.50,2.40
2010.05.21 12:01:25.619,0.77105,0.77175,2.40,2.40
2010.05.21 12:01:27.643,0.77105,0.77175,3.20,2.40
2010.05.21 12:01:27.840,0.7711,0.7718,2.40,2.40
2010.05.21 12:01:28.517,0.7711,0.77185,2.40,3.20
2010.05.21 12:01:28.843,0.77115,0.7718,2.40,1.00
2010.05.21 12:01:30.033,0.77115,0.77175,3.20,1.00
2010.05.21 12:01:31.246,0.77115,0.7718,3.20,1.00
2010.05.21 12:01:32.170,0.7712,0.7718,3.20,1.00
2010.05.21 12:01:33.130,0.7712,0.77185,3.20,1.00
2010.05.21 12:01:33.810,0.77125,0.77185,3.20,1.00
2010.05.21 12:01:34.678,0.77095,0.77165,2.40,3.20
2010.05.21 12:01:35.004,0.7708,0.77155,2.40,2.40
2010.05.21 12:01:35.850,0.7708,0.77155,3.20,2.40
2010.05.21 12:01:36.529,0.7708,0.77155,3.30,2.40
2010.05.21 12:01:37.454,0.77085,0.77155,2.50,3.20
2010.05.21 12:01:37.790,0.77085,0.7715,2.50,2.40
2010.05.21 12:01:38.551,0.7709,0.7715,1.00,2.40
2010.05.21 12:01:39.191,0.77085,0.7715,2.40,2.40
2010.05.21 12:01:39.460,0.77085,0.77145,1.00,2.40
2010.05.21 12:01:40.169,0.77085,0.7715,1.00,2.40
2010.05.21 12:01:40.461,0.7708,0.7715,2.50,3.20
2010.05.21 12:01:40.752,0.77085,0.7715,2.40,2.40
2010.05.21 12:01:41.547,0.7709,0.77155,2.40,2.40
2010.05.21 12:01:41.894,0.7709,0.7716,2.40,2.40
2010.05.21 12:01:42.231,0.77095,0.77165,2.40,2.40
2010.05.21 12:01:43.103,0.7711,0.77175,2.40,1.00
2010.05.21 12:01:43.421,0.7711,0.7718,2.40,2.50
2010.05.21 12:01:43.740,0.77115,0.7718,2.40,1.00
2010.05.21 12:01:44.541,0.77105,0.77185,2.40,2.40
2010.05.21 12:01:45.660,0.771,0.7718,3.20,3.20
2010.05.21 12:01:45.999,0.771,0.7718,3.20,3.30
2010.05.21 12:01:46.340,0.771,0.7718,3.20,3.20
2010.05.21 12:01:46.679,0.771,0.7718,3.20,3.30
2010.05.21 12:01:47.710,0.77095,0.7717,3.20,2.40
2010.05.21 12:01:50.314,0.771,0.7717,2.40,1.00
2010.05.21 12:01:50.604,0.771,0.77175,3.20,1.00
2010.05.21 12:01:50.891,0.771,0.7717,3.20,2.40
2010.05.21 12:01:51.785,0.771,0.77165,2.40,1.00
2010.05.21 12:01:52.950,0.771,0.7717,2.40,1.00
2010.05.21 12:01:53.290,0.771,0.77175,2.40,2.40
2010.05.21 12:01:53.630,0.77095,0.7717,2.40,1.00
2010.05.21 12:01:54.435,0.77095,0.77175,2.40,2.40
2010.05.21 12:01:56.640,0.771,0.7717,1.00,1.00
2010.05.21 12:01:56.870,0.771,0.7718,3.20,3.30
2010.05.21 12:01:57.099,0.771,0.7718,3.20,3.20
2010.05.21 12:01:57.860,0.771,0.7718,3.20,3.30
2010.05.21 12:01:58.139,0.771,0.77175,3.20,2.40
2010.05.21 12:01:59.369,0.77105,0.77175,3.20,2.40
2010.05.21 12:01:59.699,0.77105,0.7718,3.20,3.20
2010.05.21 12:02:00.030,0.77105,0.77175,2.40,2.40
2010.05.21 12:02:00.656,0.771,0.77175,3.30,2.40
2010.05.21 12:02:00.990,0.77105,0.7718,1.00,3.20
2010.05.21 12:02:02.899,0.7711,0.7718,2.40,2.40
2010.05.21 12:02:04.893,0.7711,0.7718,2.40,2.50
2010.05.21 12:02:05.229,0.77105,0.7718,1.00,3.30
2010.05.21 12:02:06.659,0.771,0.77175,3.30,2.40
2010.05.21 12:02:08.130,0.7711,0.7718,1.00,3.20
2010.05.21 12:02:08.290,0.77115,0.77175,1.00,2.40
2010.05.21 12:02:09.490,0.77105,0.7718,2.50,2.40
2010.05.21 12:02:09.830,0.77115,0.77185,2.40,3.20
2010.05.21 12:02:10.730,0.77115,0.77185,2.40,2.40
2010.05.21 12:02:11.070,0.7711,0.77185,3.20,3.30
2010.05.21 12:02:12.341,0.7712,0.77185,1.00,2.40
2010.05.21 12:02:12.680,0.77115,0.77185,2.40,2.40
2010.05.21 12:02:13.010,0.77115,0.77185,2.40,2.50
2010.05.21 12:02:13.860,0.7711,0.7718,3.20,1.00
2010.05.21 12:02:14.119,0.7711,0.77185,3.20,3.30
2010.05.21 12:02:15.160,0.77115,0.77185,1.00,2.40
2010.05.21 12:02:15.460,0.7712,0.77185,2.40,2.40
2010.05.21 12:02:15.759,0.77115,0.77185,1.00,3.20
2010.05.21 12:02:16.920,0.7711,0.7718,2.50,2.40
2010.05.21 12:02:17.250,0.77115,0.77185,2.50,2.40
2010.05.21 12:02:18.070,0.77125,0.7719,2.40,2.40
2010.05.21 12:02:18.370,0.7713,0.77195,2.40,2.40
2010.05.21 12:02:18.722,0.77125,0.772,2.40,3.20
2010.05.21 12:02:19.414,0.77125,0.772,2.40,2.50
2010.05.21 12:02:19.750,0.77125,0.7719,2.40,2.40
2010.05.21 12:02:20.430,0.77115,0.7719,3.20,2.50
2010.05.21 12:02:21.280,0.77115,0.77185,2.40,2.40
2010.05.21 12:02:21.619,0.7711,0.7718,3.30,2.40
2010.05.21 12:02:21.869,0.7711,0.77185,3.30,3.20
2010.05.21 12:02:22.990,0.7711,0.7718,2.40,2.40
2010.05.21 12:02:23.259,0.77115,0.7718,1.00,2.40
2010.05.21 12:02:24.810,0.77115,0.7718,1.00,2.40
2010.05.21 12:02:25.013,0.7711,0.7718,2.50,2.40
2010.05.21 12:02:25.720,0.77115,0.77185,2.40,2.40
2010.05.21 12:02:26.060,0.77115,0.77185,2.50,2.40
2010.05.21 12:02:26.901,0.77125,0.77195,2.40,2.40
2010.05.21 12:02:27.560,0.7712,0.77195,3.20,3.20
2010.05.21 12:02:29.379,0.77125,0.77195,1.00,3.20
2010.05.21 12:02:30.360,0.7713,0.77195,1.00,2.40
2010.05.21 12:02:30.700,0.77135,0.772,2.40,2.40
2010.05.21 12:02:31.396,0.77135,0.77205,2.40,3.20
2010.05.21 12:02:31.591,0.7714,0.7721,2.50,2.40
2010.05.21 12:02:33.021,0.7713,0.772,2.40,2.40
2010.05.21 12:02:33.339,0.7713,0.772,2.40,2.50
2010.05.21 12:02:33.659,0.7713,0.772,2.50,2.40
2010.05.21 12:02:34.806,0.77135,0.772,1.00,2.40
2010.05.21 12:02:35.102,0.77145,0.7721,2.40,2.50
2010.05.21 12:02:35.280,0.77145,0.7721,2.40,2.40
2010.05.21 12:02:35.460,0.77145,0.7721,2.50,2.40
2010.05.21 12:02:35.640,0.77145,0.7721,2.40,2.50
2010.05.21 12:02:36.340,0.77145,0.7721,2.40,2.40
2010.05.21 12:02:36.670,0.77145,0.7721,3.30,2.40
2010.05.21 12:02:37.000,0.77145,0.7721,2.50,2.40
2010.05.21 12:02:37.685,0.77145,0.7721,2.40,2.40
2010.05.21 12:02:38.020,0.77145,0.7721,2.50,2.40
2010.05.21 12:02:38.360,0.7715,0.77215,2.40,2.50
2010.05.21 12:02:38.569,0.77145,0.7721,2.40,2.40
2010.05.21 12:02:39.201,0.77145,0.7721,2.50,2.40
2010.05.21 12:02:39.400,0.7715,0.7721,1.00,2.40
2010.05.21 12:02:41.460,0.7715,0.77215,2.40,2.40
2010.05.21 12:02:41.800,0.77155,0.7722,2.40,2.40
2010.05.21 12:02:42.084,0.77155,0.7722,2.40,2.40
2010.05.21 12:02:42.765,0.7715,0.7722,3.20,2.40
2010.05.21 12:02:43.044,0.77155,0.77225,2.40,2.50
2010.05.21 12:02:44.393,0.7716,0.77225,2.40,1.00
2010.05.21 12:02:44.730,0.7716,0.77225,2.50,1.00
2010.05.21 12:02:45.583,0.7716,0.7722,2.40,1.00
2010.05.21 12:02:46.379,0.7716,0.77225,2.40,1.00
2010.05.21 12:02:46.569,0.7716,0.77215,2.40,1.00
2010.05.21 12:02:47.000,0.77155,0.7722,2.40,2.50
2010.05.21 12:02:47.950,0.77155,0.7722,2.40,3.30
2010.05.21 12:02:48.249,0.7715,0.77215,2.40,2.40
2010.05.21 12:02:48.849,0.7715,0.77215,2.50,2.40
2010.05.21 12:02:50.370,0.77155,0.7722,2.40,2.50
2010.05.21 12:02:50.869,0.77155,0.7722,2.40,2.40
2010.05.21 12:02:51.562,0.77165,0.77225,2.40,1.00
2010.05.21 12:02:51.890,0.77155,0.7722,2.40,2.40
2010.05.21 12:02:52.220,0.77145,0.7721,2.50,2.40
2010.05.21 12:02:53.050,0.77155,0.7722,2.40,2.40
2010.05.21 12:02:53.359,0.7715,0.7722,3.20,2.40
2010.05.21 12:02:53.938,0.77155,0.7722,2.40,2.40
2010.05.21 12:02:54.281,0.7716,0.7722,1.00,2.40
2010.05.21 12:02:54.622,0.7716,0.7722,2.40,1.00
2010.05.21 12:02:54.961,0.7717,0.77235,2.40,2.40
2010.05.21 12:02:55.832,0.7717,0.7723,2.40,1.00
2010.05.21 12:02:56.170,0.7717,0.77235,2.40,2.50
2010.05.21 12:02:56.500,0.7717,0.77235,2.40,2.40
2010.05.21 12:02:57.071,0.77165,0.77235,2.40,2.40
2010.05.21 12:02:57.944,0.77165,0.7723,2.40,1.00
2010.05.21 12:02:58.549,0.7716,0.7723,3.20,2.50
2010.05.21 12:02:58.892,0.77165,0.77235,3.20,2.50
2010.05.21 12:02:59.342,0.77165,0.77235,3.20,2.40
2010.05.21 12:02:59.680,0.7717,0.77235,2.40,1.00
2010.05.21 12:03:00.277,0.7717,0.7724,2.50,2.50
2010.05.21 12:03:00.560,0.7717,0.77235,1.00,2.40
2010.05.21 12:03:00.839,0.7717,0.7723,1.00,2.40
2010.05.21 12:03:01.149,0.77165,0.7723,2.40,2.50
2010.05.21 12:03:02.009,0.77165,0.7723,2.50,2.50
2010.05.21 12:03:03.858,0.7717,0.7723,1.00,2.40
2010.05.21 12:03:05.842,0.77175,0.7723,1.00,2.40
2010.05.21 12:03:06.180,0.77175,0.7723,1.00,2.40
2010.05.21 12:03:06.300,0.7717,0.77235,2.50,1.00
2010.05.21 12:03:07.073,0.7717,0.77235,2.50,2.40
2010.05.21 12:03:07.411,0.77175,0.77235,1.00,2.40
2010.05.21 12:03:08.198,0.77175,0.7724,2.50,2.40
2010.05.21 12:03:08.542,0.77175,0.7724,2.40,2.50
2010.05.21 12:03:08.881,0.77175,0.77245,2.40,2.50
2010.05.21 12:03:09.420,0.7718,0.77245,2.40,2.50
2010.05.21 12:03:09.779,0.7718,0.7724,2.40,1.00
2010.05.21 12:03:10.120,0.7717,0.7724,3.30,1.00
2010.05.21 12:03:10.461,0.77165,0.7724,3.20,1.00
2010.05.21 12:03:11.320,0.77165,0.7724,3.30,1.00
2010.05.21 12:03:11.660,0.7716,0.7723,2.50,2.40
2010.05.21 12:03:12.000,0.77155,0.7723,3.30,2.50
2010.05.21 12:03:12.787,0.77155,0.7722,2.40,1.00
2010.05.21 12:03:13.110,0.7715,0.7722,3.30,1.00
2010.05.21 12:03:14.241,0.7715,0.77225,1.00,3.30
2010.05.21 12:03:14.530,0.7715,0.77215,1.00,2.40
2010.05.21 12:03:16.591,0.77155,0.77215,1.00,2.40
2010.05.21 12:03:16.931,0.7715,0.77215,1.00,2.40
2010.05.21 12:03:17.270,0.77145,0.7722,3.30,3.30
2010.05.21 12:03:18.467,0.7715,0.7722,2.50,1.00
2010.05.21 12:03:18.801,0.7715,0.7722,2.40,1.00
2010.05.21 12:03:18.989,0.7715,0.77225,3.20,1.00
2010.05.21 12:03:19.179,0.77145,0.77225,3.30,3.30
2010.05.21 12:03:19.910,0.77145,0.7722,1.00,3.20
2010.05.21 12:03:20.099,0.7714,0.7722,3.30,3.20
2010.05.21 12:03:20.439,0.7714,0.77215,3.30,2.40
2010.05.21 12:03:21.830,0.7714,0.77215,3.30,2.50
2010.05.21 12:03:23.390,0.77145,0.7722,1.00,3.30
2010.05.21 12:03:23.690,0.7714,0.77215,3.30,1.00
2010.05.21 12:03:24.001,0.77145,0.77215,1.00,2.40
2010.05.21 12:03:26.941,0.7714,0.77205,1.00,3.20
2010.05.21 12:03:27.200,0.77145,0.77215,3.20,1.00
2010.05.21 12:03:27.460,0.77145,0.77225,3.20,3.30
2010.05.21 12:03:27.720,0.7715,0.77225,3.20,1.00
2010.05.21 12:03:28.650,0.77155,0.77225,3.20,1.00
2010.05.21 12:03:28.989,0.77155,0.7723,3.20,2.50
2010.05.21 12:03:30.880,0.77165,0.7723,2.40,1.00
2010.05.21 12:03:31.760,0.7717,0.77235,2.40,1.00
2010.05.21 12:03:32.100,0.7717,0.7724,3.20,1.00
2010.05.21 12:03:32.440,0.7717,0.77235,2.40,1.00
2010.05.21 12:03:33.146,0.7717,0.77235,2.40,2.50
2010.05.21 12:03:33.991,0.7717,0.7723,2.40,1.00
2010.05.21 12:03:34.674,0.7717,0.77225,2.40,1.00
2010.05.21 12:03:36.524,0.7717,0.77235,2.50,2.50
2010.05.21 12:03:36.822,0.77185,0.7724,2.40,1.00
2010.05.21 12:03:37.450,0.77175,0.77235,3.20,1.00
2010.05.21 12:03:37.750,0.7717,0.7724,3.20,1.00
2010.05.21 12:03:38.219,0.7717,0.77245,3.30,1.00
2010.05.21 12:03:38.819,0.77175,0.77245,1.00,1.00
2010.05.21 12:03:39.161,0.77195,0.7726,2.40,1.00
2010.05.21 12:03:39.500,0.772,0.7726,3.20,1.00
2010.05.21 12:03:40.380,0.77205,0.7726,3.20,1.00
2010.05.21 12:03:40.725,0.7718,0.7724,1.00,2.40
2010.05.21 12:03:41.572,0.77175,0.77245,2.50,2.40
2010.05.21 12:03:41.871,0.77165,0.7723,3.30,2.40
2010.05.21 12:03:42.180,0.7717,0.77235,2.40,2.40
2010.05.21 12:03:43.750,0.7717,0.77235,2.50,2.40
2010.05.21 12:03:44.245,0.77175,0.77235,1.00,2.40
2010.05.21 12:03:44.819,0.7717,0.77235,2.50,2.40
2010.05.21 12:03:45.070,0.7718,0.77245,2.40,2.50
2010.05.21 12:03:45.915,0.77175,0.77245,3.30,2.50
2010.05.21 12:03:46.579,0.7718,0.7724,2.40,1.00
2010.05.21 12:03:49.310,0.7719,0.7725,2.40,1.00
2010.05.21 12:03:49.630,0.77185,0.7725,2.40,1.00
2010.05.21 12:03:50.601,0.7718,0.77245,3.20,1.00
2010.05.21 12:03:52.161,0.77185,0.77245,2.40,1.00
2010.05.21 12:03:52.502,0.772,0.7726,2.40,1.00
2010.05.21 12:03:52.633,0.772,0.77265,2.40,1.00
2010.05.21 12:03:52.741,0.772,0.7727,2.40,2.90
2010.05.21 12:03:52.850,0.77185,0.77255,1.00,2.40
2010.05.21 12:03:53.480,0.77185,0.77255,2.50,2.40
2010.05.21 12:03:53.930,0.77185,0.77255,2.40,2.50
2010.05.21 12:03:55.280,0.77185,0.77255,2.50,2.50
2010.05.21 12:03:57.850,0.7719,0.7726,2.50,2.50
2010.05.21 12:03:58.051,0.7719,0.77255,2.40,1.00
2010.05.21 12:03:59.150,0.7719,0.7725,2.40,1.00
2010.05.21 12:03:59.790,0.7719,0.77245,2.40,1.00
2010.05.21 12:04:00.110,0.77185,0.7725,3.20,1.00
2010.05.21 12:04:00.959,0.77185,0.7725,2.40,1.00
2010.05.21 12:04:01.300,0.7718,0.77245,1.00,1.00
2010.05.21 12:04:01.879,0.77175,0.77245,2.40,1.00
2010.05.21 12:04:02.062,0.77175,0.7724,2.50,2.40
2010.05.21 12:04:02.740,0.7717,0.7724,2.50,2.50
2010.05.21 12:04:03.611,0.7717,0.77235,2.50,2.40
2010.05.21 12:04:04.704,0.7717,0.77235,2.50,2.50
2010.05.21 12:04:05.000,0.77175,0.77235,1.00,2.40
2010.05.21 12:04:07.050,0.77165,0.77225,1.00,2.40
2010.05.21 12:04:08.361,0.77175,0.77225,1.00,2.40
2010.05.21 12:04:08.632,0.7717,0.77225,1.00,2.40
2010.05.21 12:04:08.910,0.77165,0.77225,1.00,2.40
2010.05.21 12:04:10.311,0.7717,0.77235,1.00,2.50
2010.05.21 12:04:10.650,0.77165,0.7723,2.50,1.00
2010.05.21 12:04:10.990,0.7717,0.7723,1.00,2.40
2010.05.21 12:04:11.851,0.77165,0.77225,1.00,2.40
2010.05.21 12:04:12.248,0.7716,0.77225,2.50,2.40
2010.05.21 12:04:13.096,0.7716,0.7723,3.30,1.00
2010.05.21 12:04:13.351,0.77165,0.7723,2.40,1.00
2010.05.21 12:04:14.700,0.7716,0.77235,3.20,3.30
2010.05.21 12:04:15.010,0.7716,0.7723,2.40,2.40
2010.05.21 12:04:16.210,0.77155,0.77225,3.30,2.40
2010.05.21 12:04:16.550,0.7715,0.7722,3.20,2.40
2010.05.21 12:04:16.890,0.7715,0.7722,2.40,2.40
2010.05.21 12:04:17.680,0.77145,0.77215,2.50,2.40
2010.05.21 12:04:17.960,0.7715,0.77215,2.40,2.40
2010.05.21 12:04:19.765,0.7715,0.77215,2.50,2.40
2010.05.21 12:04:20.860,0.77155,0.7722,2.40,3.20
2010.05.21 12:04:21.201,0.7715,0.7722,2.50,2.40
2010.05.21 12:04:22.279,0.77155,0.7722,1.00,2.40
2010.05.21 12:04:27.600,0.77155,0.77225,2.50,2.40
2010.05.21 12:04:27.941,0.7716,0.77225,1.00,2.40
2010.05.21 12:04:28.910,0.77155,0.77225,2.50,2.40
2010.05.21 12:04:29.811,0.7716,0.7723,2.40,2.40
2010.05.21 12:04:29.990,0.7717,0.77235,2.40,2.50
2010.05.21 12:04:33.860,0.7718,0.7724,2.40,1.00
2010.05.21 12:04:36.430,0.77185,0.77245,1.00,2.40
2010.05.21 12:04:36.740,0.7719,0.77255,2.40,1.00
2010.05.21 12:04:37.050,0.7719,0.7726,2.40,2.40
2010.05.21 12:04:37.831,0.77195,0.77265,2.40,2.40
2010.05.21 12:04:38.090,0.77195,0.7726,2.40,2.40
2010.05.21 12:04:39.280,0.77195,0.77265,2.40,2.40
2010.05.21 12:04:39.599,0.77195,0.77265,2.40,2.50
2010.05.21 12:04:39.919,0.77205,0.77265,2.40,1.00
2010.05.21 12:04:44.581,0.772,0.77265,3.20,1.00
2010.05.21 12:04:44.924,0.77205,0.7727,2.40,2.50
2010.05.21 12:04:45.820,0.77205,0.7727,2.40,1.00
2010.05.21 12:04:46.010,0.77205,0.77265,2.40,1.00
2010.05.21 12:04:46.349,0.77205,0.77265,3.20,1.00
2010.05.21 12:04:47.022,0.7721,0.7726,2.40,1.00
2010.05.21 12:04:47.360,0.77225,0.77275,2.40,1.00
2010.05.21 12:04:47.642,0.77215,0.77275,2.40,1.00
2010.05.21 12:04:48.396,0.7721,0.77275,2.40,1.00
2010.05.21 12:04:48.721,0.77205,0.77275,2.40,2.50
2010.05.21 12:04:50.156,0.77205,0.77275,2.40,2.40
2010.05.21 12:04:50.491,0.77205,0.77265,2.40,1.00
2010.05.21 12:04:51.360,0.77205,0.7727,2.40,1.00
2010.05.21 12:04:51.896,0.7721,0.7727,2.40,1.00
2010.05.21 12:04:55.410,0.7721,0.77265,2.40,1.00
2010.05.21 12:04:55.750,0.7721,0.7727,2.40,1.00
2010.05.21 12:05:03.182,0.77215,0.77275,2.40,1.00
2010.05.21 12:05:04.307,0.77215,0.7727,2.40,1.00
2010.05.21 12:05:04.532,0.77215,0.7727,2.40,1.00
2010.05.21 12:05:05.448,0.77215,0.77275,2.40,1.00
2010.05.21 12:05:05.711,0.7722,0.7728,2.40,1.00
2010.05.21 12:05:06.511,0.77225,0.7728,2.40,1.00
2010.05.21 12:05:08.184,0.77225,0.77275,2.40,1.00
2010.05.21 12:05:09.773,0.77225,0.7728,2.40,1.00
2010.05.21 12:05:10.540,0.77225,0.7729,3.20,1.00
2010.05.21 12:05:10.809,0.7723,0.7729,2.40,1.00
2010.05.21 12:05:11.761,0.77225,0.7728,2.40,1.00
2010.05.21 12:05:13.311,0.77235,0.7729,2.40,1.00
2010.05.21 12:05:13.650,0.77235,0.77295,2.40,1.00
2010.05.21 12:05:14.461,0.7723,0.77295,2.40,2.50
2010.05.21 12:05:14.731,0.77215,0.7729,2.40,3.20
2010.05.21 12:05:14.990,0.77225,0.7729,2.40,2.40
2010.05.21 12:05:15.249,0.7722,0.7729,2.40,2.40
2010.05.21 12:05:15.808,0.77225,0.7729,2.40,2.40
2010.05.21 12:05:16.140,0.7722,0.7729,2.40,2.50
2010.05.21 12:05:17.700,0.77225,0.77285,2.40,1.00
2010.05.21 12:05:18.040,0.7722,0.77285,2.40,2.50
2010.05.21 12:05:19.160,0.7722,0.77285,2.40,2.40
2010.05.21 12:05:19.820,0.77225,0.7729,2.40,1.00
2010.05.21 12:05:20.150,0.77225,0.7729,2.40,1.00
2010.05.21 12:05:20.701,0.77225,0.77295,2.40,2.50
2010.05.21 12:05:21.261,0.77225,0.7729,2.40,1.00
2010.05.21 12:05:22.037,0.7722,0.7729,3.20,2.50
2010.05.21 12:05:22.381,0.7722,0.77285,2.40,1.00
2010.05.21 12:05:23.060,0.77215,0.7728,3.20,2.40
2010.05.21 12:05:23.350,0.7722,0.77275,2.40,1.00
2010.05.21 12:05:24.192,0.7722,0.7729,2.40,2.40
2010.05.21 12:05:25.490,0.7723,0.77295,2.40,1.00
2010.05.21 12:05:25.769,0.7723,0.773,2.40,2.50
2010.05.21 12:05:27.242,0.7723,0.77295,2.40,1.00
2010.05.21 12:05:27.550,0.7723,0.7729,2.40,1.00
2010.05.21 12:05:28.731,0.7723,0.77295,2.40,1.00
2010.05.21 12:05:29.461,0.7723,0.77295,2.40,2.50
2010.05.21 12:05:29.531,0.7723,0.773,2.50,2.40
2010.05.21 12:05:29.695,0.7723,0.773,2.40,2.50
2010.05.21 12:05:29.954,0.7723,0.7729,2.40,1.00
2010.05.21 12:05:31.210,0.7723,0.77295,2.40,1.00
2010.05.21 12:05:31.550,0.7723,0.7729,2.40,1.00
2010.05.21 12:05:33.560,0.7723,0.77295,2.40,2.50
2010.05.21 12:05:33.929,0.7723,0.77295,2.40,1.00
2010.05.21 12:05:34.401,0.7723,0.77295,2.40,1.00
2010.05.21 12:05:35.150,0.7723,0.7729,2.40,1.00
2010.05.21 12:05:35.491,0.7723,0.77285,2.40,1.00
2010.05.21 12:05:35.620,0.7723,0.7728,2.40,1.00
2010.05.21 12:05:35.750,0.7723,0.7728,2.40,1.00
2010.05.21 12:05:36.083,0.7723,0.7729,2.40,1.00
2010.05.21 12:05:36.457,0.7723,0.77285,2.40,1.00
2010.05.21 12:05:37.011,0.7723,0.7729,2.40,1.00
2010.05.21 12:05:37.989,0.7723,0.7728,2.40,1.00
2010.05.21 12:05:38.169,0.77225,0.7728,2.40,1.00
2010.05.21 12:05:38.493,0.77225,0.77285,2.40,1.00
2010.05.21 12:05:38.680,0.77225,0.77275,2.40,1.00
2010.05.21 12:05:38.770,0.7722,0.77285,2.40,2.50
2010.05.21 12:05:39.412,0.77205,0.77265,1.00,2.40
2010.05.21 12:05:39.751,0.772,0.77265,2.40,2.40
2010.05.21 12:05:40.092,0.77185,0.77265,2.40,2.40
2010.05.21 12:05:40.952,0.772,0.77275,2.40,2.40
2010.05.21 12:05:41.630,0.77195,0.7727,3.20,2.40
2010.05.21 12:05:42.401,0.77195,0.7727,2.40,2.40
2010.05.21 12:05:42.741,0.772,0.77275,2.40,2.40
2010.05.21 12:05:44.620,0.772,0.7727,2.40,2.40
2010.05.21 12:05:44.960,0.772,0.77275,2.40,2.40
2010.05.21 12:05:45.300,0.772,0.7727,2.40,2.40
2010.05.21 12:05:48.811,0.77195,0.77275,2.40,2.40
2010.05.21 12:05:49.091,0.772,0.7728,2.40,2.90
2010.05.21 12:05:49.231,0.77195,0.77275,2.40,2.40
2010.05.21 12:05:50.801,0.772,0.7728,2.40,2.40
2010.05.21 12:05:51.671,0.7721,0.77285,2.40,2.40
2010.05.21 12:05:52.884,0.77215,0.77285,2.40,2.40
2010.05.21 12:05:53.176,0.7721,0.77285,2.40,2.40
2010.05.21 12:05:54.462,0.77205,0.7728,3.20,2.40
2010.05.21 12:05:54.802,0.77215,0.77285,2.40,2.50
2010.05.21 12:05:55.141,0.7721,0.77285,2.40,2.50
2010.05.21 12:05:56.223,0.7721,0.77285,2.40,2.40
2010.05.21 12:05:56.545,0.7721,0.77285,2.40,2.50
2010.05.21 12:05:57.420,0.77205,0.77275,2.40,2.40
2010.05.21 12:05:57.762,0.77215,0.7728,2.40,1.00
2010.05.21 12:05:59.221,0.77215,0.77285,2.40,2.50
2010.05.21 12:06:00.895,0.7721,0.7728,2.40,2.40
2010.05.21 12:06:01.161,0.77205,0.77275,2.40,2.40
2010.05.21 12:06:02.375,0.77205,0.7728,2.40,2.40
2010.05.21 12:06:02.711,0.772,0.7728,2.40,2.50
2010.05.21 12:06:04.450,0.77195,0.7727,1.00,2.40
2010.05.21 12:06:04.474,0.7719,0.7727,2.40,1.00
2010.05.21 12:06:04.510,0.77195,0.7728,1.00,2.40
2010.05.21 12:06:04.551,0.772,0.7728,2.40,2.40
2010.05.21 12:06:05.404,0.772,0.7728,2.40,2.40
2010.05.21 12:06:05.532,0.772,0.77275,2.40,2.40
2010.05.21 12:06:06.490,0.77205,0.7728,2.40,2.40
2010.05.21 12:06:07.562,0.772,0.7728,2.40,2.40
2010.05.21 12:06:09.210,0.77205,0.7728,2.40,2.40
2010.05.21 12:06:12.057,0.77205,0.7728,3.20,2.40
2010.05.21 12:06:12.359,0.7721,0.7728,2.40,2.40
2010.05.21 12:06:13.993,0.77205,0.7728,2.50,2.40
2010.05.21 12:06:14.261,0.77205,0.7728,2.40,2.40
2010.05.21 12:06:15.342,0.77195,0.7728,2.40,2.80
2010.05.21 12:06:15.602,0.77185,0.7723,2.40,1.00
2010.05.21 12:06:15.861,0.77175,0.77245,2.40,2.40
2010.05.21 12:06:16.641,0.7717,0.7724,2.40,2.40
2010.05.21 12:06:20.000,0.7717,0.7724,2.50,2.40
2010.05.21 12:06:21.404,0.7717,0.7724,3.30,2.40
2010.05.21 12:06:21.741,0.7717,0.7724,2.40,2.40
2010.05.21 12:06:24.540,0.7717,0.7724,2.40,3.60
2010.05.21 12:06:25.401,0.7716,0.77235,2.40,2.40
2010.05.21 12:06:25.701,0.77155,0.77235,2.40,3.20
2010.05.21 12:06:28.362,0.77155,0.77225,2.40,2.40
2010.05.21 12:06:28.612,0.77155,0.77225,1.00,2.40
2010.05.21 12:06:29.617,0.77155,0.77225,2.40,2.40
2010.05.21 12:06:29.950,0.77155,0.7723,2.50,3.20
2010.05.21 12:06:30.290,0.7716,0.7723,1.00,2.40
2010.05.21 12:06:31.191,0.7716,0.77235,3.20,3.30
2010.05.21 12:06:31.530,0.77165,0.77235,2.50,2.40
2010.05.21 12:06:32.761,0.7717,0.7724,2.40,3.30
2010.05.21 12:06:33.100,0.7717,0.7724,2.50,3.20
2010.05.21 12:06:33.360,0.7717,0.7724,2.40,3.30
2010.05.21 12:06:34.160,0.77175,0.7724,1.00,3.20
2010.05.21 12:06:34.730,0.7717,0.7724,2.40,3.30
2010.05.21 12:06:35.550,0.77175,0.7724,1.00,3.20
2010.05.21 12:06:36.079,0.7717,0.7724,2.50,3.20
2010.05.21 12:06:36.560,0.7717,0.7724,2.40,3.30
2010.05.21 12:06:37.458,0.77175,0.7724,1.00,3.20
2010.05.21 12:06:38.536,0.7717,0.7724,2.50,3.20
2010.05.21 12:06:38.732,0.77175,0.7724,2.40,3.20
2010.05.21 12:06:38.922,0.7717,0.77235,1.00,2.40
2010.05.21 12:06:39.508,0.77165,0.77235,2.50,2.40
2010.05.21 12:06:39.851,0.77165,0.7725,2.40,2.40
2010.05.21 12:06:41.311,0.7717,0.7725,2.40,2.40
2010.05.21 12:06:42.703,0.7717,0.77245,2.40,2.40
2010.05.21 12:06:43.021,0.77165,0.77235,2.40,2.40
2010.05.21 12:06:44.171,0.77165,0.7724,3.20,2.40
2010.05.21 12:06:44.939,0.77165,0.7724,3.20,2.50
2010.05.21 12:06:47.284,0.77165,0.7724,3.30,2.40
2010.05.21 12:06:48.221,0.77165,0.77235,2.40,2.40
2010.05.21 12:06:48.661,0.77165,0.77235,2.40,3.20
2010.05.21 12:06:49.381,0.7717,0.7723,1.00,2.40
2010.05.21 12:06:49.720,0.77165,0.7723,2.50,2.40
2010.05.21 12:06:50.060,0.7717,0.7723,1.00,2.40
2010.05.21 12:06:50.731,0.77175,0.7723,1.00,2.40
2010.05.21 12:06:51.050,0.7719,0.77245,1.00,2.40
2010.05.21 12:06:51.392,0.7718,0.77245,1.00,2.40
2010.05.21 12:06:52.281,0.77205,0.7726,1.00,2.40
2010.05.21 12:06:53.208,0.77205,0.77275,3.20,2.40
2010.05.21 12:06:53.520,0.77205,0.7728,3.20,3.20
2010.05.21 12:06:53.840,0.77205,0.7728,3.20,3.30
2010.05.21 12:06:54.180,0.7721,0.7728,2.40,2.40
2010.05.21 12:06:55.022,0.77205,0.77275,3.20,1.00
2010.05.21 12:06:56.104,0.7721,0.77275,2.40,1.00
2010.05.21 12:06:58.011,0.77205,0.77275,2.40,2.50
2010.05.21 12:06:58.661,0.77205,0.77275,2.40,2.40
2010.05.21 12:06:59.395,0.77185,0.7728,3.20,2.40
2010.05.21 12:06:59.682,0.772,0.77285,2.40,1.00
2010.05.21 12:07:00.791,0.77205,0.77285,2.40,1.00
2010.05.21 12:07:01.130,0.77205,0.7729,3.20,1.00
2010.05.21 12:07:02.223,0.77205,0.77295,3.20,2.50
2010.05.21 12:07:02.560,0.77205,0.7729,3.20,1.00
2010.05.21 12:07:02.900,0.77205,0.77295,3.20,2.50
2010.05.21 12:07:03.860,0.77215,0.77295,2.40,2.40
2010.05.21 12:07:05.291,0.77205,0.77295,3.20,2.50
2010.05.21 12:07:05.460,0.7722,0.7729,2.40,1.00
2010.05.21 12:07:07.772,0.7722,0.77295,2.40,2.50
2010.05.21 12:07:08.732,0.7722,0.77285,2.40,1.00
2010.05.21 12:07:08.931,0.7722,0.7729,2.40,1.00
2010.05.21 12:07:09.130,0.7722,0.77295,2.40,1.00
2010.05.21 12:07:09.840,0.7718,0.77255,3.30,3.20
2010.05.21 12:07:10.380,0.7718,0.77255,2.40,2.40
2010.05.21 12:07:10.974,0.77175,0.7725,3.20,2.40
2010.05.21 12:07:11.312,0.77175,0.7725,3.20,3.20
2010.05.21 12:07:12.602,0.7718,0.77255,2.40,3.20
2010.05.21 12:07:12.942,0.7719,0.77265,3.20,2.40
2010.05.21 12:07:13.743,0.772,0.77275,3.20,2.40
2010.05.21 12:07:15.251,0.772,0.7727,2.40,1.00
2010.05.21 12:07:15.591,0.7719,0.77265,3.30,3.20
2010.05.21 12:07:17.250,0.772,0.7727,3.20,2.40
2010.05.21 12:07:17.470,0.77205,0.7727,2.40,2.40
2010.05.21 12:07:18.631,0.772,0.7727,2.40,2.40
2010.05.21 12:07:18.830,0.77205,0.7727,2.40,2.40
2010.05.21 12:07:19.830,0.77205,0.7727,2.40,2.40
2010.05.21 12:07:20.820,0.772,0.7727,2.40,2.50
2010.05.21 12:07:21.160,0.77195,0.77265,3.20,1.00
2010.05.21 12:07:21.652,0.77195,0.7726,3.20,1.00
2010.05.21 12:07:22.433,0.77195,0.7727,3.30,2.50
2010.05.21 12:07:22.798,0.772,0.7727,1.00,2.50
2010.05.21 12:07:23.140,0.772,0.77265,2.50,2.40
2010.05.21 12:07:23.480,0.77195,0.7727,3.30,2.40
2010.05.21 12:07:24.420,0.772,0.7727,1.00,2.40
2010.05.21 12:07:24.730,0.77195,0.7727,3.30,2.50
2010.05.21 12:07:26.268,0.77195,0.77265,3.20,1.00
2010.05.21 12:07:26.541,0.77195,0.7727,3.20,2.50
2010.05.21 12:07:26.811,0.77175,0.7724,1.00,2.40
2010.05.21 12:07:27.342,0.77175,0.7725,1.00,2.40
2010.05.21 12:07:27.704,0.77165,0.77235,2.40,3.20
2010.05.21 12:07:28.041,0.7716,0.7723,2.50,2.40
2010.05.21 12:07:30.051,0.77165,0.77235,2.40,2.40
2010.05.21 12:07:30.684,0.7716,0.77235,3.20,2.40
2010.05.21 12:07:30.978,0.77165,0.7723,2.40,2.40
2010.05.21 12:07:31.272,0.7717,0.77245,2.40,2.40
2010.05.21 12:07:32.110,0.77165,0.77235,2.40,2.40
2010.05.21 12:07:32.430,0.7715,0.7721,1.00,2.40
2010.05.21 12:07:32.750,0.7715,0.7722,1.00,2.40
2010.05.21 12:07:33.674,0.77165,0.7723,2.40,2.40
2010.05.21 12:07:34.675,0.7716,0.7723,3.20,2.50
2010.05.21 12:07:35.011,0.77165,0.7723,2.40,2.40
2010.05.21 12:07:35.350,0.77175,0.7724,1.00,2.40
2010.05.21 12:07:35.957,0.7718,0.7724,1.00,2.40
2010.05.21 12:07:36.292,0.7718,0.7725,3.20,1.00
2010.05.21 12:07:37.131,0.7719,0.7725,2.40,1.00
2010.05.21 12:07:37.472,0.77175,0.77255,2.40,3.20
2010.05.21 12:07:37.810,0.77175,0.77255,2.40,3.30
2010.05.21 12:07:38.150,0.77175,0.7725,2.40,2.40
2010.05.21 12:07:38.991,0.77165,0.7723,2.40,2.40
2010.05.21 12:07:39.670,0.7715,0.77225,3.30,2.40
2010.05.21 12:07:40.510,0.77165,0.77235,2.40,2.40
2010.05.21 12:07:41.901,0.77165,0.77235,2.40,2.50
2010.05.21 12:07:42.180,0.77165,0.77235,2.40,1.00
2010.05.21 12:07:42.461,0.77165,0.77235,3.20,1.00
2010.05.21 12:07:42.995,0.7717,0.77235,2.40,1.00
2010.05.21 12:07:43.332,0.7715,0.77215,2.40,2.40
2010.05.21 12:07:43.660,0.7715,0.77215,2.40,1.00
2010.05.21 12:07:44.233,0.77145,0.77215,2.40,3.20
2010.05.21 12:07:44.571,0.7714,0.7721,2.50,3.20
2010.05.21 12:07:44.914,0.7714,0.7721,2.40,3.20
2010.05.21 12:07:45.772,0.7713,0.77205,3.20,2.40
2010.05.21 12:07:46.111,0.77135,0.77205,2.50,2.40
2010.05.21 12:07:47.012,0.7715,0.7722,2.40,2.40
2010.05.21 12:07:48.175,0.77155,0.77225,2.40,3.20
2010.05.21 12:07:48.481,0.77155,0.77225,2.40,2.40
2010.05.21 12:07:49.100,0.7715,0.7722,2.50,2.40
2010.05.21 12:07:50.020,0.7715,0.7721,1.00,2.40
2010.05.21 12:07:50.360,0.7715,0.7721,1.00,3.20
2010.05.21 12:07:51.188,0.77145,0.77205,1.00,2.40
2010.05.21 12:07:51.525,0.7714,0.772,1.00,2.40
2010.05.21 12:07:51.861,0.77145,0.772,1.00,2.40
2010.05.21 12:07:52.200,0.7715,0.77205,1.00,2.40
2010.05.21 12:07:52.740,0.7715,0.7721,1.00,3.20
2010.05.21 12:07:53.085,0.77145,0.7721,1.00,2.40
2010.05.21 12:07:53.773,0.7714,0.7721,2.50,2.40
2010.05.21 12:07:53.940,0.7714,0.7721,2.50,3.20
2010.05.21 12:07:54.608,0.7714,0.77205,1.00,2.40
2010.05.21 12:07:54.950,0.77135,0.77205,2.40,2.40
2010.05.21 12:07:56.271,0.7713,0.77205,3.20,2.40
2010.05.21 12:07:57.213,0.7713,0.77195,2.40,1.00
2010.05.21 12:07:57.554,0.7712,0.7719,2.40,2.40
2010.05.21 12:07:59.101,0.77125,0.77195,2.40,2.50
2010.05.21 12:07:59.370,0.77125,0.77195,2.40,2.40
2010.05.21 12:08:00.800,0.77125,0.77195,2.50,2.40
2010.05.21 12:08:01.480,0.77125,0.77195,2.40,2.40
2010.05.21 12:08:02.260,0.7712,0.7719,2.50,2.40
2010.05.21 12:08:02.562,0.7712,0.77185,2.40,2.40
2010.05.21 12:08:04.532,0.7712,0.7719,2.40,3.30
2010.05.21 12:08:05.130,0.7712,0.7719,2.40,2.50
2010.05.21 12:08:07.027,0.7712,0.7718,2.40,1.00
2010.05.21 12:08:07.241,0.77125,0.7718,2.40,1.00
2010.05.21 12:08:07.450,0.77125,0.7719,2.40,2.40
2010.05.21 12:08:08.116,0.77125,0.7719,2.40,2.40
2010.05.21 12:08:08.782,0.77125,0.7719,2.40,2.50
2010.05.21 12:08:09.980,0.77125,0.77185,2.40,1.00
2010.05.21 12:08:10.562,0.7712,0.77185,2.40,3.20
2010.05.21 12:08:10.890,0.7712,0.77185,2.40,2.50
2010.05.21 12:08:11.971,0.7712,0.77185,2.40,2.40
2010.05.21 12:08:12.310,0.7713,0.7719,2.40,1.00
2010.05.21 12:08:12.650,0.77125,0.7719,2.40,1.00
2010.05.21 12:08:14.040,0.77125,0.77195,2.40,2.40
2010.05.21 12:08:14.360,0.7712,0.7719,2.40,2.40
2010.05.21 12:08:15.402,0.7713,0.77195,1.00,2.40
2010.05.21 12:08:15.610,0.7713,0.772,1.00,2.40
2010.05.21 12:08:15.820,0.77125,0.77195,3.20,1.00
2010.05.21 12:08:16.931,0.77125,0.77195,3.30,1.00
2010.05.21 12:08:17.271,0.77125,0.77195,1.00,3.20
2010.05.21 12:08:17.610,0.7712,0.77195,3.30,3.30
2010.05.21 12:08:18.731,0.7712,0.7719,3.30,1.00
2010.05.21 12:08:20.030,0.7712,0.77195,2.50,3.30
2010.05.21 12:08:20.603,0.7712,0.7719,2.50,2.50
2010.05.21 12:08:22.791,0.77115,0.77185,2.40,2.50
2010.05.21 12:08:23.450,0.77115,0.77185,2.50,2.50
2010.05.21 12:08:26.173,0.77115,0.77185,2.50,2.40
2010.05.21 12:08:26.670,0.77115,0.77185,2.50,2.50
2010.05.21 12:08:27.670,0.7712,0.77185,1.00,2.40
2010.05.21 12:08:28.942,0.77125,0.7719,1.00,2.40
2010.05.21 12:08:29.251,0.7712,0.7719,3.20,1.00
2010.05.21 12:08:30.072,0.7712,0.77195,3.30,2.50
2010.05.21 12:08:30.690,0.7712,0.7719,3.30,1.00
2010.05.21 12:08:31.000,0.7712,0.77185,2.40,1.00
2010.05.21 12:08:32.222,0.77125,0.7719,1.00,2.40
2010.05.21 12:08:32.622,0.77115,0.77185,2.40,2.40
2010.05.21 12:08:33.661,0.7711,0.77175,2.50,2.40
2010.05.21 12:08:35.411,0.7711,0.77185,3.30,3.30
2010.05.21 12:08:35.751,0.77105,0.77175,2.40,2.40
2010.05.21 12:08:35.980,0.77105,0.77175,2.40,2.40
2010.05.21 12:08:36.539,0.77105,0.77175,2.40,2.40
2010.05.21 12:08:36.771,0.771,0.7717,1.00,2.40
2010.05.21 12:08:37.100,0.771,0.7717,3.30,2.40
2010.05.21 12:08:37.430,0.771,0.7717,3.20,2.40
2010.05.21 12:08:38.023,0.77105,0.7717,1.00,2.40
2010.05.21 12:08:38.591,0.771,0.7717,3.30,2.40
2010.05.21 12:08:39.770,0.77105,0.7717,1.00,2.40
2010.05.21 12:08:43.381,0.7711,0.7717,1.00,2.40
2010.05.21 12:08:44.021,0.771,0.77175,3.30,2.40
2010.05.21 12:08:45.230,0.77105,0.77175,1.00,2.40
2010.05.21 12:08:46.570,0.7711,0.77175,1.00,2.40
2010.05.21 12:08:46.740,0.7711,0.77175,2.40,2.40
2010.05.21 12:08:46.910,0.77115,0.77175,1.00,2.40
2010.05.21 12:08:47.550,0.7711,0.77185,3.20,3.30
2010.05.21 12:08:47.894,0.77115,0.77185,1.00,3.20
2010.05.21 12:08:48.232,0.7711,0.77185,3.30,3.20
2010.05.21 12:08:50.270,0.77105,0.77185,3.30,3.30
2010.05.21 12:08:50.630,0.7711,0.77185,3.20,3.30
2010.05.21 12:08:51.566,0.77105,0.77185,3.30,3.30
2010.05.21 12:08:52.658,0.77105,0.7718,3.20,1.00
2010.05.21 12:08:53.357,0.77105,0.7718,3.20,1.00
2010.05.21 12:08:53.521,0.77105,0.77185,3.30,3.30
2010.05.21 12:08:53.651,0.7711,0.77185,1.00,3.30
2010.05.21 12:08:53.780,0.7711,0.77185,3.20,3.30
2010.05.21 12:08:54.470,0.77115,0.77185,3.20,2.50
2010.05.21 12:08:56.580,0.77115,0.77175,3.20,1.00
2010.05.21 12:08:56.920,0.77115,0.7718,3.20,1.00
2010.05.21 12:08:57.751,0.7712,0.77185,2.40,1.00
2010.05.21 12:08:58.090,0.7712,0.77185,2.40,1.00
2010.05.21 12:08:59.315,0.77125,0.77185,2.40,1.00
2010.05.21 12:08:59.651,0.77125,0.7718,2.40,1.00
2010.05.21 12:08:59.990,0.77125,0.7719,2.40,1.00
2010.05.21 12:09:00.888,0.7713,0.7719,2.40,1.00
2010.05.21 12:09:02.353,0.7713,0.77185,2.40,1.00
2010.05.21 12:09:02.611,0.77125,0.77185,2.40,1.00
2010.05.21 12:09:03.111,0.7713,0.7718,2.40,1.00
2010.05.21 12:09:03.361,0.7713,0.77185,2.40,1.00
2010.05.21 12:09:03.888,0.7713,0.7718,2.40,1.00
2010.05.21 12:09:04.221,0.7713,0.77185,2.40,1.00
2010.05.21 12:09:04.676,0.7713,0.7718,2.40,1.00
2010.05.21 12:09:05.033,0.7713,0.77185,2.40,1.00
2010.05.21 12:09:06.013,0.77125,0.7719,1.00,2.40
2010.05.21 12:09:07.192,0.77135,0.772,2.40,1.00
2010.05.21 12:09:07.531,0.7713,0.77195,2.40,1.00
2010.05.21 12:09:08.421,0.7712,0.7719,2.40,2.40
2010.05.21 12:09:09.317,0.7712,0.7719,2.40,2.50
2010.05.21 12:09:09.651,0.7712,0.77195,2.40,2.40
2010.05.21 12:09:11.211,0.7713,0.77195,2.40,2.40
2010.05.21 12:09:11.551,0.77135,0.772,2.40,2.50
2010.05.21 12:09:12.166,0.77135,0.772,2.40,2.40
2010.05.21 12:09:12.462,0.7714,0.77205,1.00,2.40
2010.05.21 12:09:12.751,0.7714,0.7721,2.40,2.40
2010.05.21 12:09:13.622,0.7715,0.7722,2.50,2.40
2010.05.21 12:09:15.171,0.7715,0.7722,2.40,2.40
2010.05.21 12:09:15.611,0.77155,0.77225,1.00,3.20
2010.05.21 12:09:16.338,0.7715,0.77225,3.20,3.20
2010.05.21 12:09:16.560,0.77155,0.77225,1.00,3.20
2010.05.21 12:09:17.580,0.7715,0.77225,3.30,3.20
2010.05.21 12:09:18.680,0.77155,0.77225,1.00,3.20
2010.05.21 12:09:18.880,0.7716,0.77225,1.00,3.20
2010.05.21 12:09:19.083,0.7716,0.7722,1.00,2.40
2010.05.21 12:09:19.840,0.7715,0.77225,3.30,3.30
2010.05.21 12:09:21.194,0.77155,0.77225,2.40,2.50
2010.05.21 12:09:21.531,0.77165,0.77225,2.40,1.00
2010.05.21 12:09:21.870,0.7716,0.77225,3.20,1.00
2010.05.21 12:09:22.762,0.7716,0.7723,3.20,2.40
2010.05.21 12:09:23.612,0.7716,0.7723,3.30,2.40
2010.05.21 12:09:24.670,0.77165,0.77235,2.40,2.40
2010.05.21 12:09:24.899,0.7716,0.7723,3.30,2.40
2010.05.21 12:09:25.131,0.77165,0.7723,1.00,2.40
2010.05.21 12:09:25.360,0.7716,0.7723,3.20,2.40
2010.05.21 12:09:25.983,0.7716,0.77225,2.40,2.40
2010.05.21 12:09:26.292,0.7716,0.77225,2.50,2.40
2010.05.21 12:09:27.411,0.77165,0.77225,1.00,2.40
2010.05.21 12:09:29.621,0.7716,0.77225,3.30,2.40
2010.05.21 12:09:30.402,0.7716,0.7723,3.30,2.40
2010.05.21 12:09:30.951,0.77165,0.77235,2.50,2.40
2010.05.21 12:09:32.142,0.77155,0.77225,3.30,2.40
2010.05.21 12:09:33.210,0.77155,0.77225,3.20,2.40
2010.05.21 12:09:33.524,0.77145,0.77215,3.20,2.40
2010.05.21 12:09:33.832,0.77145,0.77215,2.40,2.40
2010.05.21 12:09:36.900,0.77135,0.7721,2.50,2.40
2010.05.21 12:09:37.544,0.77145,0.77215,2.40,2.40
2010.05.21 12:09:38.880,0.77145,0.77215,2.40,2.50
2010.05.21 12:09:39.910,0.7714,0.7721,1.00,2.40
2010.05.21 12:09:40.100,0.77145,0.77215,2.40,2.50
2010.05.21 12:09:41.990,0.77145,0.7722,3.20,3.20
2010.05.21 12:09:42.301,0.7714,0.77215,2.40,2.40
2010.05.21 12:09:45.504,0.7714,0.77215,2.40,2.50
2010.05.21 12:09:46.351,0.77135,0.7721,2.40,2.40
2010.05.21 12:09:49.400,0.7714,0.7721,1.00,2.40
2010.05.21 12:09:50.128,0.77145,0.77215,2.40,2.40
2010.05.21 12:09:56.608,0.7715,0.77215,2.40,2.40
2010.05.21 12:09:58.630,0.7715,0.7722,2.40,2.40
2010.05.21 12:10:01.200,0.77145,0.7722,2.40,2.40
2010.05.21 12:10:02.321,0.77145,0.77225,2.40,2.50
2010.05.21 12:10:02.662,0.77145,0.7722,2.40,2.40
2010.05.21 12:10:04.497,0.77155,0.77225,2.40,2.40
2010.05.21 12:10:06.320,0.77155,0.7723,2.40,2.40
2010.05.21 12:10:06.640,0.77155,0.77225,2.40,2.40
2010.05.21 12:10:08.111,0.7716,0.7723,2.40,2.40
2010.05.21 12:10:08.793,0.77165,0.77235,2.40,2.50
2010.05.21 12:10:09.032,0.77165,0.7723,2.40,1.00
2010.05.21 12:10:10.450,0.77165,0.7723,2.40,1.00
2010.05.21 12:10:10.791,0.77165,0.77235,2.40,2.50
2010.05.21 12:10:11.991,0.7715,0.77225,1.00,2.40
2010.05.21 12:10:12.321,0.7716,0.7723,2.40,2.40
2010.05.21 12:10:14.110,0.77155,0.7723,2.40,2.40
2010.05.21 12:10:14.931,0.77165,0.77235,2.40,2.40
2010.05.21 12:10:15.610,0.77165,0.77225,2.40,1.00
2010.05.21 12:10:16.471,0.77145,0.7721,2.40,2.40
2010.05.21 12:10:16.800,0.7714,0.77205,2.50,2.40
2010.05.21 12:10:17.508,0.77135,0.77205,2.50,2.40
2010.05.21 12:10:17.847,0.7713,0.772,2.40,2.40
2010.05.21 12:10:18.522,0.7713,0.772,3.20,2.40
2010.05.21 12:10:19.097,0.77135,0.772,2.40,2.40
2010.05.21 12:10:19.432,0.7713,0.77195,2.40,2.40
2010.05.21 12:10:20.603,0.7712,0.7718,1.00,2.40
2010.05.21 12:10:21.262,0.77135,0.77185,2.40,1.00
2010.05.21 12:10:22.122,0.7712,0.7719,2.50,2.40
2010.05.21 12:10:22.371,0.77125,0.7719,1.00,2.40
2010.05.21 12:10:22.621,0.7712,0.7718,1.00,2.40
2010.05.21 12:10:23.412,0.77115,0.7718,2.50,2.40
2010.05.21 12:10:23.722,0.7712,0.7719,2.50,2.40
2010.05.21 12:10:24.548,0.77125,0.77185,1.00,1.00
2010.05.21 12:10:24.881,0.77125,0.7718,1.00,2.40
2010.05.21 12:10:25.272,0.7712,0.7718,1.00,2.40
2010.05.21 12:10:26.040,0.7712,0.77175,1.00,2.40
2010.05.21 12:10:26.331,0.77125,0.77185,1.00,2.40
2010.05.21 12:10:26.620,0.77125,0.77185,1.00,3.20
2010.05.21 12:10:26.910,0.77125,0.7718,1.00,2.40
2010.05.21 12:10:27.720,0.77135,0.7718,1.00,2.40
2010.05.21 12:10:28.060,0.7713,0.7718,1.00,2.40
2010.05.21 12:10:29.529,0.7713,0.77175,1.00,2.40
2010.05.21 12:10:29.712,0.7712,0.77175,1.00,2.40
2010.05.21 12:10:29.891,0.77115,0.77175,1.00,3.20
2010.05.21 12:10:30.074,0.7711,0.77175,1.00,3.20
2010.05.21 12:10:30.252,0.77105,0.7717,1.00,2.40
2010.05.21 12:10:31.120,0.7711,0.7717,1.00,3.20
2010.05.21 12:10:32.111,0.77115,0.77175,1.00,3.20
2010.05.21 12:10:33.002,0.77125,0.7719,2.40,2.40
2010.05.21 12:10:33.180,0.77125,0.7719,2.50,2.40
2010.05.21 12:10:33.360,0.77125,0.77195,1.00,3.20
2010.05.21 12:10:34.102,0.77125,0.77175,1.00,2.40
2010.05.21 12:10:34.440,0.7712,0.77175,1.00,2.40
2010.05.21 12:10:34.780,0.7712,0.77175,1.00,2.40
2010.05.21 12:10:35.802,0.7712,0.77185,2.40,2.40
2010.05.21 12:10:36.102,0.7711,0.7718,1.00,2.40
2010.05.21 12:10:37.552,0.7711,0.7718,1.00,3.20
2010.05.21 12:10:37.861,0.7711,0.7718,1.00,2.40
2010.05.21 12:10:39.151,0.77115,0.7718,1.00,2.40
2010.05.21 12:10:39.330,0.77115,0.7717,1.00,2.40
2010.05.21 12:10:40.613,0.77115,0.7717,1.00,2.40
2010.05.21 12:10:41.273,0.77115,0.7717,1.00,2.40
2010.05.21 12:10:42.442,0.7711,0.7717,1.00,2.40
2010.05.21 12:10:42.720,0.771,0.7717,2.50,2.40
2010.05.21 12:10:43.243,0.77105,0.77175,2.50,3.20
2010.05.21 12:10:43.822,0.7711,0.7717,1.00,2.40
2010.05.21 12:10:45.641,0.77115,0.77165,1.00,2.40
2010.05.21 12:10:45.981,0.7711,0.7717,1.00,2.40
2010.05.21 12:10:46.440,0.77105,0.7717,1.00,2.40
2010.05.21 12:10:49.880,0.7711,0.7717,1.00,2.40
2010.05.21 12:10:52.094,0.77115,0.7717,1.00,2.40
2010.05.21 12:10:54.921,0.7711,0.7717,1.00,2.40
2010.05.21 12:11:02.341,0.77115,0.7717,1.00,2.40
2010.05.21 12:11:03.280,0.77115,0.7717,1.00,2.40
2010.05.21 12:11:03.772,0.7711,0.7717,1.00,2.40
2010.05.21 12:11:04.214,0.77105,0.7717,1.00,2.40
2010.05.21 12:11:04.992,0.7711,0.7717,1.00,2.40
2010.05.21 12:11:07.203,0.77105,0.7717,2.50,2.40
2010.05.21 12:11:07.400,0.77105,0.7717,2.50,3.20
2010.05.21 12:11:07.600,0.77105,0.77165,1.00,2.40
2010.05.21 12:11:14.201,0.7711,0.77175,1.00,3.20
2010.05.21 12:11:14.341,0.77115,0.7718,2.40,2.40
2010.05.21 12:11:14.481,0.7711,0.77175,2.40,2.40
2010.05.21 12:11:15.351,0.7712,0.7719,2.40,2.40
2010.05.21 12:11:15.690,0.7712,0.7719,2.50,2.40
2010.05.21 12:11:16.032,0.77115,0.7719,2.40,3.20
2010.05.21 12:11:16.591,0.77115,0.7719,2.50,3.20
2010.05.21 12:11:16.941,0.7712,0.7719,1.00,3.20
2010.05.21 12:11:17.286,0.77125,0.77185,1.00,2.40
2010.05.21 12:11:17.832,0.77125,0.77185,1.00,2.40
2010.05.21 12:11:18.511,0.77115,0.77175,1.00,2.40
2010.05.21 12:11:19.335,0.7711,0.7717,1.00,2.40
2010.05.21 12:11:19.564,0.7712,0.77185,2.40,2.40
2010.05.21 12:11:20.690,0.77125,0.772,1.00,2.50
2010.05.21 12:11:21.030,0.7713,0.772,2.40,2.50
2010.05.21 12:11:22.691,0.7713,0.772,2.50,2.50
2010.05.21 12:11:23.030,0.7713,0.77195,2.40,2.50
2010.05.21 12:11:23.460,0.7713,0.77185,2.40,1.00
2010.05.21 12:11:23.593,0.77115,0.77185,3.30,2.50
2010.05.21 12:11:24.241,0.77115,0.7718,1.00,2.40
2010.05.21 12:11:24.561,0.7711,0.77175,1.00,2.40
2010.05.21 12:11:25.370,0.77115,0.77185,3.20,2.40
2010.05.21 12:11:26.549,0.7712,0.7719,2.40,2.40
2010.05.21 12:11:26.894,0.7714,0.77205,2.40,2.40
2010.05.21 12:11:27.232,0.7714,0.7721,2.40,1.00
2010.05.21 12:11:27.849,0.7714,0.77215,3.20,3.30
2010.05.21 12:11:28.522,0.77145,0.77215,2.40,3.20
2010.05.21 12:11:28.851,0.7715,0.77215,2.40,2.50
2010.05.21 12:11:29.413,0.7715,0.77215,2.40,2.40
2010.05.21 12:11:29.752,0.7714,0.77215,3.20,3.30
2010.05.21 12:11:30.361,0.7714,0.7721,3.20,1.00
2010.05.21 12:11:31.171,0.7714,0.77215,3.20,2.40
2010.05.21 12:11:31.440,0.7714,0.7721,3.20,1.00
2010.05.21 12:11:32.327,0.7714,0.77215,3.20,3.30
2010.05.21 12:11:32.633,0.7714,0.7721,2.40,2.40
2010.05.21 12:11:32.944,0.7714,0.77205,2.40,2.40
2010.05.21 12:11:34.062,0.7714,0.7721,2.50,2.40
2010.05.21 12:11:34.351,0.7714,0.7721,3.20,2.40
2010.05.21 12:11:34.640,0.7714,0.7721,2.40,2.40
2010.05.21 12:11:35.757,0.77145,0.77215,2.40,3.30
2010.05.21 12:11:36.095,0.77145,0.77215,2.40,2.50
2010.05.21 12:11:36.352,0.77155,0.7722,2.40,2.40
2010.05.21 12:11:37.420,0.77155,0.7723,3.20,3.20
2010.05.21 12:11:37.760,0.7716,0.7723,2.40,2.40
2010.05.21 12:11:38.721,0.77155,0.7722,2.40,2.40
2010.05.21 12:11:40.121,0.7716,0.77225,2.40,1.00
2010.05.21 12:11:40.431,0.7716,0.77225,2.40,2.50
2010.05.21 12:11:41.487,0.77155,0.7722,2.40,2.40
2010.05.21 12:11:41.801,0.77155,0.77215,2.40,1.00
2010.05.21 12:11:42.111,0.77155,0.77215,2.40,1.00
2010.05.21 12:11:42.422,0.77155,0.77215,2.40,1.00
2010.05.21 12:11:43.252,0.77155,0.7722,2.40,2.50
2010.05.21 12:11:46.031,0.7716,0.77215,2.40,1.00
2010.05.21 12:11:47.140,0.7716,0.77225,2.40,2.90
2010.05.21 12:11:47.230,0.7716,0.77225,3.20,2.80
2010.05.21 12:11:47.320,0.77165,0.77225,2.40,1.00
2010.05.21 12:11:47.998,0.77165,0.77235,2.40,1.00
2010.05.21 12:11:48.082,0.77165,0.7724,3.20,2.50
2010.05.21 12:11:48.421,0.77165,0.7723,2.40,2.40
2010.05.21 12:11:50.774,0.77165,0.7723,2.40,2.50
2010.05.21 12:11:51.021,0.7716,0.77225,2.40,2.40
2010.05.21 12:11:51.270,0.77155,0.7723,3.30,3.20
2010.05.21 12:11:51.816,0.77155,0.7723,3.30,2.40
2010.05.21 12:11:52.054,0.7716,0.7723,2.40,2.50
2010.05.21 12:11:52.571,0.77155,0.7723,3.20,3.30
2010.05.21 12:11:53.371,0.77155,0.7723,3.20,3.20
2010.05.21 12:11:53.630,0.77155,0.7723,3.20,3.30
2010.05.21 12:11:54.752,0.7716,0.7723,2.40,2.50
2010.05.21 12:11:55.091,0.77155,0.7723,3.20,3.30
2010.05.21 12:11:55.431,0.7716,0.77225,2.40,1.00
2010.05.21 12:12:00.023,0.77165,0.7723,2.40,2.50
2010.05.21 12:12:00.264,0.77165,0.77225,2.40,1.00
2010.05.21 12:12:01.461,0.7716,0.77225,2.40,1.00
2010.05.21 12:12:01.780,0.7716,0.7723,2.40,2.50
2010.05.21 12:12:03.002,0.7716,0.7723,2.40,2.40
2010.05.21 12:12:03.727,0.7716,0.7723,2.40,2.50
2010.05.21 12:12:04.605,0.7716,0.7723,2.50,2.40
2010.05.21 12:12:04.931,0.7717,0.77235,2.40,1.00
2010.05.21 12:12:05.160,0.77165,0.7723,2.40,2.40
2010.05.21 12:12:06.010,0.7716,0.7723,2.40,2.50
2010.05.21 12:12:08.014,0.7716,0.77225,2.40,1.00
2010.05.21 12:12:09.291,0.7716,0.7723,3.20,2.40
2010.05.21 12:12:09.541,0.77165,0.7723,2.40,2.50
2010.05.21 12:12:09.947,0.77165,0.7723,2.40,2.40
2010.05.21 12:12:10.496,0.7716,0.7722,1.00,2.40
2010.05.21 12:12:10.846,0.77145,0.7721,2.40,2.40
2010.05.21 12:12:11.187,0.7715,0.7722,2.40,2.40
2010.05.21 12:12:12.362,0.7715,0.77215,2.40,1.00
2010.05.21 12:12:12.701,0.7715,0.7722,2.40,2.40
2010.05.21 12:12:13.373,0.77145,0.77215,2.50,2.40
2010.05.21 12:12:13.689,0.7714,0.77205,2.40,2.40
2010.05.21 12:12:14.504,0.7714,0.77205,2.50,2.40
2010.05.21 12:12:14.841,0.77135,0.772,2.40,2.40
2010.05.21 12:12:16.470,0.77135,0.772,2.50,2.40
2010.05.21 12:12:16.680,0.7714,0.772,2.40,1.00
2010.05.21 12:12:17.421,0.77135,0.772,2.40,2.40
2010.05.21 12:12:21.141,0.77135,0.772,2.40,2.50
2010.05.21 12:12:21.925,0.7713,0.77195,2.40,2.40
2010.05.21 12:12:22.262,0.7713,0.77195,2.50,2.40
2010.05.21 12:12:22.603,0.77135,0.772,2.40,2.40
2010.05.21 12:12:23.751,0.7714,0.77205,2.40,2.40
2010.05.21 12:12:24.831,0.77135,0.772,3.20,2.40
2010.05.21 12:12:25.175,0.7714,0.77205,2.40,2.50
2010.05.21 12:12:25.511,0.7714,0.7719,2.40,1.00
2010.05.21 12:12:25.791,0.7714,0.77195,2.40,1.00
2010.05.21 12:12:26.632,0.7714,0.7719,2.40,1.00
2010.05.21 12:12:26.912,0.7714,0.7719,3.20,1.00
2010.05.21 12:12:27.181,0.7714,0.77205,3.30,2.80
2010.05.21 12:12:27.971,0.7715,0.772,2.40,1.00
2010.05.21 12:12:28.311,0.77155,0.77215,1.00,2.80
2010.05.21 12:12:28.950,0.7715,0.77215,1.00,2.80
2010.05.21 12:12:29.252,0.77155,0.77215,2.40,1.00
2010.05.21 12:12:29.772,0.77165,0.77215,2.40,1.00
2010.05.21 12:12:30.072,0.77155,0.7721,2.50,1.00
2010.05.21 12:12:30.613,0.7716,0.7721,2.40,1.00
2010.05.21 12:12:30.958,0.7716,0.77215,2.40,1.00
2010.05.21 12:12:31.291,0.77155,0.77215,3.30,1.00
2010.05.21 12:12:31.570,0.7716,0.77215,2.40,1.00
2010.05.21 12:12:34.151,0.77165,0.7722,3.20,1.00
2010.05.21 12:12:35.362,0.7717,0.7722,2.40,1.00
2010.05.21 12:12:35.701,0.7717,0.77225,2.40,1.00
2010.05.21 12:12:36.041,0.77165,0.7722,2.40,1.00
2010.05.21 12:12:36.901,0.7717,0.77225,3.20,1.00
2010.05.21 12:12:37.241,0.7718,0.77235,2.40,1.00
2010.05.21 12:12:37.581,0.77175,0.77235,3.20,1.00
2010.05.21 12:12:38.116,0.7718,0.77235,2.40,1.00
2010.05.21 12:12:38.452,0.77175,0.77235,3.30,1.00
2010.05.21 12:12:38.671,0.7718,0.77235,2.40,1.00
2010.05.21 12:12:40.136,0.7718,0.77235,2.50,1.00
2010.05.21 12:12:41.360,0.7719,0.77235,1.00,1.00
2010.05.21 12:12:42.175,0.77185,0.77235,1.00,1.00
2010.05.21 12:12:42.494,0.77185,0.77235,1.00,1.00
2010.05.21 12:12:42.793,0.7719,0.77245,2.40,1.00
2010.05.21 12:12:45.107,0.77185,0.77245,3.30,1.00
2010.05.21 12:12:45.432,0.7719,0.77245,2.50,1.00
2010.05.21 12:12:46.831,0.772,0.77255,3.20,1.00
2010.05.21 12:12:47.511,0.772,0.77255,1.00,1.00
2010.05.21 12:12:48.067,0.77195,0.77245,1.00,1.00
2010.05.21 12:12:48.401,0.7719,0.77245,2.50,1.00
2010.05.21 12:12:48.741,0.77195,0.77245,1.00,1.00
2010.05.21 12:12:49.101,0.7719,0.77245,2.40,1.00
2010.05.21 12:12:49.862,0.77185,0.77235,1.00,1.00
2010.05.21 12:12:50.201,0.77185,0.7724,2.40,1.00
2010.05.21 12:12:50.541,0.7719,0.7724,2.40,1.00
2010.05.21 12:12:51.392,0.772,0.7725,2.40,1.00
2010.05.21 12:12:52.437,0.77225,0.7725,2.40,1.00
2010.05.21 12:12:52.765,0.77205,0.77255,2.40,1.00
2010.05.21 12:12:53.072,0.77205,0.77255,2.40,1.00
2010.05.21 12:12:53.876,0.77205,0.77255,2.40,1.00
2010.05.21 12:12:54.181,0.77195,0.7725,2.40,1.00
2010.05.21 12:12:54.511,0.77195,0.77245,2.40,1.00
2010.05.21 12:12:55.148,0.77195,0.77245,1.00,1.00
2010.05.21 12:12:55.497,0.7721,0.7727,3.20,1.00
2010.05.21 12:12:57.443,0.7723,0.77275,2.40,1.00
2010.05.21 12:12:58.444,0.7723,0.7727,2.40,1.00
2010.05.21 12:12:58.752,0.7722,0.7727,2.40,1.00
2010.05.21 12:12:59.061,0.77225,0.77275,2.40,1.00
2010.05.21 12:12:59.884,0.7723,0.77275,2.40,1.00
2010.05.21 12:13:00.222,0.7723,0.7728,2.40,1.00
2010.05.21 12:13:00.551,0.7723,0.77275,2.40,1.00
2010.05.21 12:13:04.121,0.77225,0.7727,2.40,1.00
2010.05.21 12:13:05.152,0.7722,0.7727,2.40,1.00
2010.05.21 12:13:05.490,0.7723,0.7727,2.40,1.00
2010.05.21 12:13:06.662,0.77225,0.7727,2.50,1.00
2010.05.21 12:13:07.695,0.7723,0.7727,2.50,1.00
2010.05.21 12:13:08.031,0.7723,0.7727,2.40,1.00
2010.05.21 12:13:10.291,0.772,0.7726,3.20,1.00
2010.05.21 12:13:10.451,0.772,0.77255,2.40,1.00
2010.05.21 12:13:11.372,0.77195,0.7725,1.00,2.40
2010.05.21 12:13:11.711,0.7719,0.77235,1.00,1.00
2010.05.21 12:13:12.424,0.77185,0.7724,3.30,1.00
2010.05.21 12:13:12.734,0.77185,0.77235,2.40,1.00
2010.05.21 12:13:13.352,0.7718,0.77235,2.50,1.00
2010.05.21 12:13:14.192,0.7718,0.77235,2.40,1.00
2010.05.21 12:13:14.511,0.7718,0.7723,2.40,1.00
2010.05.21 12:13:14.831,0.7718,0.7723,2.50,1.00
2010.05.21 12:13:15.721,0.7718,0.77235,2.40,1.00
2010.05.21 12:13:17.312,0.77175,0.7722,1.00,1.00
2010.05.21 12:13:17.550,0.7717,0.7722,2.40,1.00
2010.05.21 12:13:17.791,0.77165,0.77215,2.50,1.00
2010.05.21 12:13:18.583,0.7717,0.7722,2.40,1.00
2010.05.21 12:13:18.921,0.7717,0.7722,2.40,1.00
2010.05.21 12:13:19.913,0.7717,0.77215,1.00,1.00
2010.05.21 12:13:20.251,0.77165,0.7721,1.00,1.00
2010.05.21 12:13:21.153,0.77165,0.7721,1.00,1.00
2010.05.21 12:13:21.492,0.77165,0.7721,1.00,1.00
2010.05.21 12:13:21.833,0.77175,0.7721,1.00,1.00
2010.05.21 12:13:22.621,0.7716,0.77215,2.50,1.00
2010.05.21 12:13:22.922,0.7716,0.7721,2.50,1.00
2010.05.21 12:13:23.262,0.77155,0.77215,2.50,1.00
2010.05.21 12:13:24.067,0.77155,0.7721,2.50,1.00
2010.05.21 12:13:24.311,0.7715,0.7721,3.20,1.00
2010.05.21 12:13:24.552,0.7715,0.7721,3.30,1.00
2010.05.21 12:13:26.138,0.7716,0.7721,2.40,1.00
2010.05.21 12:13:26.355,0.77165,0.7722,2.40,1.00
2010.05.21 12:13:26.572,0.7716,0.7722,2.50,1.00
2010.05.21 12:13:27.292,0.77165,0.77215,1.00,2.80
2010.05.21 12:13:27.631,0.77155,0.77215,2.50,1.00
2010.05.21 12:13:28.812,0.77155,0.7721,1.00,1.00
2010.05.21 12:13:29.101,0.7716,0.7721,1.00,1.00
2010.05.21 12:13:29.391,0.7715,0.7721,2.50,1.00
2010.05.21 12:13:30.252,0.77145,0.7721,3.30,1.00
2010.05.21 12:13:30.581,0.77145,0.7721,2.50,1.00
2010.05.21 12:13:30.911,0.7716,0.7721,2.40,1.00
2010.05.21 12:13:31.791,0.77155,0.7722,3.20,1.00
2010.05.21 12:13:32.131,0.77155,0.7722,1.00,1.00
2010.05.21 12:13:32.727,0.7716,0.7722,1.00,1.00
2010.05.21 12:13:33.382,0.7716,0.77225,2.40,1.00
2010.05.21 12:13:33.681,0.7716,0.77225,2.40,1.00
2010.05.21 12:13:34.501,0.77165,0.77225,1.00,1.00
2010.05.21 12:13:34.801,0.77165,0.77225,2.40,1.00
2010.05.21 12:13:35.111,0.7716,0.77225,3.20,1.00
2010.05.21 12:13:36.552,0.77165,0.77225,1.00,1.00
2010.05.21 12:13:37.422,0.77165,0.7723,2.40,1.00
2010.05.21 12:13:37.761,0.7717,0.77225,2.40,1.00
2010.05.21 12:13:38.645,0.7717,0.7723,2.40,1.00
2010.05.21 12:13:38.924,0.77165,0.7723,1.00,1.00
2010.05.21 12:13:40.271,0.7716,0.7723,3.30,1.00
2010.05.21 12:13:41.750,0.7716,0.7723,3.20,1.00
2010.05.21 12:13:42.031,0.77155,0.77215,2.40,1.00
2010.05.21 12:13:43.151,0.7716,0.7722,2.40,1.00
2010.05.21 12:13:43.491,0.77155,0.7722,3.30,1.00
2010.05.21 12:13:43.830,0.77155,0.7722,2.50,1.00
2010.05.21 12:13:44.741,0.77155,0.77215,3.30,1.00
2010.05.21 12:13:45.081,0.7716,0.77215,2.40,1.00
2010.05.21 12:13:45.819,0.77155,0.77215,2.50,1.00
2010.05.21 12:13:46.127,0.77165,0.77215,2.40,1.00
2010.05.21 12:13:46.463,0.7716,0.7722,1.00,1.00
2010.05.21 12:13:47.392,0.7716,0.7722,1.00,1.00
2010.05.21 12:13:47.731,0.77165,0.77225,2.50,1.00
2010.05.21 12:13:48.297,0.77165,0.77225,1.00,2.80
2010.05.21 12:13:48.581,0.77165,0.77225,1.00,2.80
2010.05.21 12:13:48.871,0.7717,0.77225,1.00,1.00
2010.05.21 12:13:49.161,0.7717,0.7723,1.00,2.80
2010.05.21 12:13:49.991,0.77165,0.7722,2.50,1.00
2010.05.21 12:13:51.322,0.7717,0.7722,1.00,1.00
2010.05.21 12:13:52.052,0.77165,0.77225,2.50,1.00
2010.05.21 12:13:52.578,0.77165,0.77225,2.40,1.00
2010.05.21 12:13:52.872,0.77165,0.77225,3.30,1.00
2010.05.21 12:13:53.160,0.77165,0.77225,2.50,1.00
2010.05.21 12:13:53.746,0.7717,0.77225,1.00,1.00
2010.05.21 12:13:54.098,0.7717,0.77215,1.00,1.00
2010.05.21 12:13:54.432,0.77165,0.77215,1.00,1.00
2010.05.21 12:13:54.957,0.77165,0.7721,1.00,1.00
2010.05.21 12:13:55.292,0.7717,0.77225,2.50,1.00
2010.05.21 12:13:55.501,0.7718,0.77215,1.00,1.00
2010.05.21 12:13:55.711,0.77175,0.77215,1.00,1.00
2010.05.21 12:13:56.702,0.7718,0.77215,1.00,1.00
2010.05.21 12:13:57.764,0.77175,0.77215,1.00,1.00
2010.05.21 12:13:58.804,0.77175,0.77225,1.00,1.00
2010.05.21 12:13:58.982,0.7717,0.77225,1.00,1.00
2010.05.21 12:13:59.656,0.7717,0.77225,2.50,1.00
2010.05.21 12:13:59.742,0.7717,0.77225,1.00,1.00
2010.05.21 12:13:59.831,0.77165,0.77225,2.50,1.00
2010.05.21 12:14:00.171,0.7716,0.77225,1.00,2.80
2010.05.21 12:14:00.973,0.7716,0.7722,1.00,1.00
2010.05.21 12:14:01.263,0.77165,0.7722,1.00,1.00
2010.05.21 12:14:01.564,0.7716,0.7722,1.00,1.00
2010.05.21 12:14:01.861,0.77155,0.7722,3.30,1.00
2010.05.21 12:14:02.712,0.77165,0.7722,1.00,1.00
2010.05.21 12:14:03.052,0.7716,0.77225,3.30,2.40
2010.05.21 12:14:03.393,0.7716,0.77225,2.40,2.80
2010.05.21 12:14:05.202,0.77165,0.77225,1.00,2.80
2010.05.21 12:14:06.192,0.7717,0.77235,2.50,1.00
2010.05.21 12:14:06.451,0.7717,0.77235,2.50,2.80
2010.05.21 12:14:06.710,0.7717,0.77235,1.00,2.80
2010.05.21 12:14:07.542,0.77175,0.77235,1.00,2.80
2010.05.21 12:14:07.871,0.77175,0.7724,2.40,1.00
2010.05.21 12:14:09.422,0.7717,0.7724,3.20,1.00
2010.05.21 12:14:09.691,0.77175,0.7724,1.00,1.00
2010.05.21 12:14:10.922,0.7717,0.7723,3.20,1.00
2010.05.21 12:14:11.241,0.7717,0.77225,3.20,1.00
2010.05.21 12:14:11.561,0.7717,0.7723,1.00,1.00
2010.05.21 12:14:12.784,0.7717,0.7723,1.00,1.00
2010.05.21 12:14:13.123,0.77165,0.7723,2.50,2.80
2010.05.21 12:14:13.292,0.7717,0.7723,1.00,2.80
2010.05.21 12:14:13.461,0.77175,0.7723,1.00,2.80
2010.05.21 12:14:14.132,0.77175,0.7723,1.00,1.00
2010.05.21 12:14:14.410,0.77175,0.77235,1.00,2.80
2010.05.21 12:14:14.691,0.7718,0.77235,1.00,2.80
2010.05.21 12:14:14.970,0.77175,0.77235,1.00,2.80
2010.05.21 12:14:16.381,0.7718,0.77235,1.00,2.80
2010.05.21 12:14:17.037,0.7718,0.7723,1.00,1.00
2010.05.21 12:14:17.372,0.77185,0.77245,1.00,2.80
2010.05.21 12:14:17.711,0.77185,0.77255,3.20,2.80
2010.05.21 12:14:17.961,0.7719,0.7725,2.40,1.00
2010.05.21 12:14:19.885,0.77195,0.7725,2.40,1.00
2010.05.21 12:14:20.223,0.7718,0.77245,3.30,1.00
2010.05.21 12:14:20.551,0.77185,0.77245,1.00,1.00
2010.05.21 12:14:20.880,0.7718,0.77245,3.30,1.00
2010.05.21 12:14:21.775,0.7717,0.77235,2.50,1.00
2010.05.21 12:14:22.112,0.7718,0.7724,2.40,1.00
2010.05.21 12:14:22.331,0.77175,0.7724,2.40,2.80
2010.05.21 12:14:22.885,0.7717,0.7724,1.00,2.80
2010.05.21 12:14:23.112,0.7717,0.7724,1.00,2.80
2010.05.21 12:14:23.575,0.77165,0.7724,3.30,2.80
2010.05.21 12:14:24.862,0.77165,0.7722,1.00,1.00
2010.05.21 12:14:26.382,0.77165,0.7722,1.00,1.00
2010.05.21 12:14:26.722,0.7716,0.7722,1.00,1.00
2010.05.21 12:14:27.492,0.7716,0.77215,1.00,1.00
2010.05.21 12:14:27.783,0.77165,0.7723,3.20,1.00
2010.05.21 12:14:28.713,0.77165,0.7723,3.30,1.00
2010.05.21 12:14:33.111,0.77165,0.7722,1.00,1.00
2010.05.21 12:14:34.021,0.77175,0.77235,2.40,1.00
2010.05.21 12:14:36.541,0.77185,0.7724,2.40,1.00
2010.05.21 12:14:36.851,0.77185,0.77245,2.40,1.00
2010.05.21 12:14:37.681,0.77175,0.7724,2.50,1.00
2010.05.21 12:14:39.323,0.77175,0.77235,2.40,1.00
2010.05.21 12:14:39.832,0.77185,0.77235,2.40,1.00
2010.05.21 12:14:41.560,0.7718,0.77235,2.40,1.00
2010.05.21 12:14:42.421,0.7718,0.77235,1.00,1.00
2010.05.21 12:14:43.709,0.77185,0.77235,1.00,1.00
2010.05.21 12:14:44.000,0.77175,0.77235,3.30,1.00
2010.05.21 12:14:44.626,0.7718,0.77235,1.00,1.00
2010.05.21 12:14:45.901,0.77175,0.77235,1.00,1.00
2010.05.21 12:14:46.051,0.7718,0.7724,2.40,1.00
2010.05.21 12:14:46.781,0.77195,0.7726,2.40,2.40
2010.05.21 12:14:47.121,0.77215,0.77245,2.40,1.00
2010.05.21 12:14:48.216,0.77205,0.7726,2.40,1.00
2010.05.21 12:14:49.443,0.772,0.7726,3.20,1.00
2010.05.21 12:14:49.722,0.772,0.7726,1.00,1.00
2010.05.21 12:14:50.001,0.77195,0.7726,3.20,1.00
2010.05.21 12:14:50.756,0.77195,0.7726,2.40,1.00
2010.05.21 12:14:51.110,0.77195,0.7725,2.40,1.00
2010.05.21 12:14:51.453,0.7719,0.7725,3.20,1.00
2010.05.21 12:14:53.549,0.7719,0.77245,3.20,1.00
2010.05.21 12:14:53.895,0.77185,0.7725,2.40,2.80
2010.05.21 12:14:54.131,0.7718,0.7724,2.40,1.00
2010.05.21 12:14:54.363,0.7718,0.77235,1.00,1.00
2010.05.21 12:14:55.528,0.77185,0.77235,1.00,1.00
2010.05.21 12:14:55.862,0.7718,0.77235,2.50,1.00
2010.05.21 12:14:56.742,0.77175,0.77235,2.40,1.00
2010.05.21 12:14:57.081,0.77175,0.77235,2.50,1.00
2010.05.21 12:14:57.644,0.7718,0.77235,1.00,1.00
2010.05.21 12:14:57.921,0.77175,0.77235,2.50,1.00
2010.05.21 12:14:58.375,0.7718,0.77235,1.00,1.00
2010.05.21 12:14:59.090,0.77175,0.77235,2.40,1.00
2010.05.21 12:14:59.412,0.7715,0.77215,3.30,1.00
2010.05.21 12:14:59.691,0.7715,0.7722,2.40,2.80
2010.05.21 12:14:59.971,0.77155,0.7722,2.40,1.00
2010.05.21 12:15:00.811,0.77155,0.7722,3.30,1.00
2010.05.21 12:15:01.111,0.7716,0.77225,2.40,1.00
2010.05.21 12:15:01.411,0.77175,0.77225,2.40,1.00
2010.05.21 12:15:01.947,0.77175,0.7723,2.40,1.00
2010.05.21 12:15:02.242,0.7718,0.77235,2.40,1.00
2010.05.21 12:15:02.581,0.77175,0.7723,2.40,1.00
2010.05.21 12:15:03.522,0.7718,0.7723,1.00,1.00
2010.05.21 12:15:03.861,0.7718,0.7723,3.20,1.00
2010.05.21 12:15:04.950,0.77185,0.77235,2.40,1.00
2010.05.21 12:15:05.301,0.7718,0.77235,2.50,1.00
2010.05.21 12:15:05.641,0.7718,0.77235,2.40,1.00
2010.05.21 12:15:06.229,0.7718,0.77235,2.50,1.00
2010.05.21 12:15:06.719,0.7719,0.7723,1.00,1.00
2010.05.21 12:15:07.562,0.77185,0.77235,1.00,1.00
2010.05.21 12:15:07.813,0.77185,0.7723,1.00,1.00
2010.05.21 12:15:08.983,0.77185,0.77235,1.00,1.00
2010.05.21 12:15:09.241,0.7718,0.7723,2.40,1.00
2010.05.21 12:15:09.501,0.7718,0.7723,1.00,1.00
2010.05.21 12:15:10.091,0.7718,0.7723,1.00,1.00
2010.05.21 12:15:10.433,0.77185,0.7723,1.00,1.00
2010.05.21 12:15:10.771,0.77185,0.7723,1.00,1.00
2010.05.21 12:15:11.861,0.77185,0.77235,1.00,1.00
2010.05.21 12:15:13.291,0.7718,0.7724,2.40,1.00
2010.05.21 12:15:13.631,0.77185,0.7724,2.50,1.00
2010.05.21 12:15:13.971,0.7719,0.7724,1.00,1.00
2010.05.21 12:15:14.842,0.7719,0.77245,2.50,1.00
2010.05.21 12:15:15.181,0.77195,0.7726,2.40,1.00
2010.05.21 12:15:15.461,0.77195,0.77265,2.40,1.00
2010.05.21 12:15:16.262,0.7721,0.7727,2.40,1.00
2010.05.21 12:15:16.581,0.7721,0.77275,3.20,2.40
2010.05.21 12:15:17.147,0.77215,0.7728,2.40,1.00
2010.05.21 12:15:21.224,0.7722,0.7728,2.40,1.00
2010.05.21 12:15:21.563,0.7723,0.7729,2.40,1.00
2010.05.21 12:15:24.339,0.7722,0.77285,2.50,2.40
2010.05.21 12:15:24.642,0.7723,0.7729,2.40,1.00
2010.05.21 12:15:24.908,0.77235,0.7729,3.20,1.00
2010.05.21 12:15:25.702,0.77235,0.77295,1.00,1.00
2010.05.21 12:15:26.301,0.77235,0.77295,2.50,1.00
2010.05.21 12:15:26.641,0.77235,0.7729,1.00,1.00
2010.05.21 12:15:27.561,0.7723,0.7729,1.00,1.00
2010.05.21 12:15:28.242,0.77255,0.77305,2.40,1.00
2010.05.21 12:15:28.856,0.77255,0.7731,2.40,1.00
2010.05.21 12:15:30.971,0.7726,0.7731,1.00,1.00
2010.05.21 12:15:31.535,0.77255,0.7731,2.40,1.00
2010.05.21 12:15:31.802,0.7726,0.77315,2.40,1.00
2010.05.21 12:15:32.482,0.77255,0.77315,2.40,1.00
2010.05.21 12:15:33.382,0.77245,0.77305,3.20,1.00
2010.05.21 12:15:34.882,0.77265,0.77305,2.40,1.00
2010.05.21 12:15:35.135,0.77255,0.77315,3.20,1.00
2010.05.21 12:15:35.382,0.77255,0.7732,3.20,1.00
2010.05.21 12:15:35.632,0.77255,0.7732,1.00,1.00
2010.05.21 12:15:36.397,0.7725,0.77315,3.30,1.00
2010.05.21 12:15:36.725,0.77255,0.77315,1.00,1.00
2010.05.21 12:15:37.052,0.7725,0.77325,3.30,2.80
2010.05.21 12:15:37.371,0.7725,0.77315,3.30,1.00
2010.05.21 12:15:37.908,0.7725,0.77315,3.20,1.00
2010.05.21 12:15:38.233,0.7725,0.77315,3.30,1.00
2010.05.21 12:15:38.571,0.7725,0.77315,3.20,1.00
2010.05.21 12:15:38.911,0.77255,0.77315,3.20,1.00
2010.05.21 12:15:39.812,0.7725,0.77315,3.20,1.00
2010.05.21 12:15:41.143,0.7725,0.77315,3.30,1.00
2010.05.21 12:15:42.121,0.7726,0.77315,2.40,1.00
2010.05.21 12:15:42.321,0.77265,0.77315,2.40,1.00
2010.05.21 12:15:43.040,0.77265,0.7732,2.40,1.00
2010.05.21 12:15:43.295,0.7727,0.7732,2.40,1.00
2010.05.21 12:15:44.772,0.77265,0.7732,2.40,1.00
2010.05.21 12:15:46.763,0.7727,0.77325,2.40,1.00
2010.05.21 12:15:50.052,0.7726,0.77325,2.40,1.00
2010.05.21 12:15:50.623,0.7726,0.77325,2.40,1.00
2010.05.21 12:15:52.271,0.77265,0.77325,2.40,1.00
2010.05.21 12:15:52.512,0.7726,0.77325,3.20,1.00
2010.05.21 12:15:53.273,0.77265,0.77325,2.50,1.00
2010.05.21 12:15:53.602,0.77275,0.7734,2.40,1.00
2010.05.21 12:15:53.932,0.77275,0.7734,3.20,2.90
2010.05.21 12:15:54.262,0.7729,0.7734,2.40,1.00
2010.05.21 12:15:54.802,0.77295,0.7734,2.40,1.00
2010.05.21 12:15:55.142,0.77295,0.77345,2.40,1.00
2010.05.21 12:15:56.243,0.7729,0.7734,2.40,1.00
2010.05.21 12:15:56.822,0.7729,0.7735,2.40,1.00
2010.05.21 12:15:57.692,0.77285,0.77345,2.40,1.00
2010.05.21 12:15:58.342,0.77285,0.77345,2.40,2.80
2010.05.21 12:16:00.331,0.7729,0.77345,2.40,1.00
2010.05.21 12:16:01.141,0.77285,0.7734,2.40,1.00
2010.05.21 12:16:03.061,0.7729,0.77345,2.40,1.00
2010.05.21 12:16:03.701,0.77285,0.77345,2.40,2.80
2010.05.21 12:16:04.512,0.7728,0.7734,2.40,2.80
2010.05.21 12:16:04.601,0.77275,0.7734,3.20,1.00
2010.05.21 12:16:04.791,0.77275,0.7734,2.40,1.00
2010.05.21 12:16:05.456,0.77275,0.77345,2.40,2.80
2010.05.21 12:16:05.794,0.77275,0.77345,2.40,2.40
2010.05.21 12:16:06.131,0.77275,0.77345,2.50,2.40
2010.05.21 12:16:07.131,0.77275,0.77345,2.40,2.40
2010.05.21 12:16:07.671,0.77285,0.77345,2.40,2.40
2010.05.21 12:16:09.622,0.7729,0.77355,2.40,2.80
2010.05.21 12:16:10.242,0.77285,0.77355,2.40,2.80
2010.05.21 12:16:10.541,0.7729,0.77355,2.40,2.80
2010.05.21 12:16:11.420,0.7729,0.7735,2.40,2.40
2010.05.21 12:16:11.561,0.77285,0.77345,2.40,2.40
2010.05.21 12:16:11.700,0.77285,0.7735,2.40,1.00
2010.05.21 12:16:12.431,0.77285,0.77355,2.40,2.80
2010.05.21 12:16:13.092,0.77295,0.7736,1.00,2.80
2010.05.21 12:16:13.311,0.77305,0.77365,2.40,2.40
2010.05.21 12:16:14.024,0.7732,0.77375,2.40,1.00
2010.05.21 12:16:14.343,0.7733,0.77395,2.40,2.80
2010.05.21 12:16:14.631,0.77325,0.77395,2.40,2.80
2010.05.21 12:16:14.920,0.77335,0.77395,2.40,2.80
2010.05.21 12:16:15.973,0.77335,0.77395,2.40,2.40
2010.05.21 12:16:19.032,0.77345,0.7741,2.40,2.90
2010.05.21 12:16:19.372,0.77345,0.7741,2.40,2.80
2010.05.21 12:16:19.940,0.77345,0.7741,2.40,2.90
2010.05.21 12:16:20.252,0.77355,0.77415,2.40,2.80
2010.05.21 12:16:20.801,0.7735,0.7741,2.40,2.40
2010.05.21 12:16:21.549,0.7734,0.7741,3.20,2.40
2010.05.21 12:16:21.882,0.7735,0.7741,2.40,2.40
2010.05.21 12:16:22.211,0.77345,0.77405,2.40,2.40
2010.05.21 12:16:23.108,0.77345,0.77405,2.40,2.80
2010.05.21 12:16:23.442,0.77335,0.774,3.20,2.40
2010.05.21 12:16:23.781,0.77335,0.774,2.40,2.40
2010.05.21 12:16:25.532,0.7733,0.77395,2.40,2.40
2010.05.21 12:16:26.349,0.7733,0.77395,2.40,2.80
2010.05.21 12:16:30.012,0.77325,0.77385,2.40,2.40
2010.05.21 12:16:31.952,0.77315,0.7738,2.40,2.80
2010.05.21 12:16:34.361,0.77305,0.7737,2.50,2.80
2010.05.21 12:16:34.671,0.77305,0.7737,3.20,1.00
2010.05.21 12:16:34.980,0.77305,0.7737,2.40,2.80
2010.05.21 12:16:36.502,0.77305,0.77365,2.40,2.40
2010.05.21 12:16:38.012,0.77305,0.77365,2.40,2.40
2010.05.21 12:16:38.351,0.77305,0.77365,2.40,2.40
2010.05.21 12:16:38.626,0.77305,0.77365,2.40,2.50
2010.05.21 12:16:39.191,0.77305,0.77365,2.40,2.40
2010.05.21 12:16:39.371,0.77315,0.77375,2.40,2.40
2010.05.21 12:16:40.150,0.7732,0.7738,2.40,2.90
2010.05.21 12:16:41.091,0.7732,0.7738,2.40,2.80
2010.05.21 12:16:42.264,0.77315,0.77375,2.40,2.80
2010.05.21 12:16:42.524,0.77305,0.7737,2.40,2.40
2010.05.21 12:16:43.202,0.7731,0.77375,2.40,2.80
2010.05.21 12:16:44.063,0.77305,0.77375,2.40,2.80
2010.05.21 12:16:45.352,0.77305,0.7737,2.50,1.00
2010.05.21 12:16:45.691,0.77305,0.77375,2.50,2.80
2010.05.21 12:16:46.312,0.7731,0.77375,1.00,2.80
2010.05.21 12:16:46.653,0.7731,0.7737,1.00,1.00
2010.05.21 12:16:47.331,0.77305,0.77365,2.50,2.40
2010.05.21 12:16:48.201,0.7731,0.77365,1.00,2.40
2010.05.21 12:16:48.804,0.77305,0.77365,2.40,2.40
2010.05.21 12:16:49.932,0.773,0.7736,2.50,2.40
2010.05.21 12:16:50.152,0.773,0.77365,2.50,2.80
2010.05.21 12:16:50.371,0.77305,0.7736,1.00,2.40
2010.05.21 12:16:51.131,0.773,0.7736,2.40,2.40
2010.05.21 12:16:51.471,0.77305,0.77365,2.50,2.80
2010.05.21 12:16:51.811,0.77305,0.77365,2.40,2.40
2010.05.21 12:16:52.671,0.77305,0.77365,2.50,2.80
2010.05.21 12:16:54.310,0.77305,0.77365,2.50,2.40
2010.05.21 12:16:55.302,0.7731,0.77365,1.00,2.40
2010.05.21 12:16:56.116,0.77305,0.77365,2.40,2.40
2010.05.21 12:16:56.503,0.77305,0.7736,2.40,1.00
2010.05.21 12:16:57.030,0.773,0.7736,2.40,2.80
2010.05.21 12:16:57.221,0.773,0.7736,2.50,2.80
2010.05.21 12:16:57.971,0.77315,0.7736,2.40,1.00
2010.05.21 12:16:58.932,0.77295,0.77355,2.40,2.80
2010.05.21 12:17:00.272,0.773,0.77355,2.40,1.00
2010.05.21 12:17:03.391,0.77305,0.77365,2.40,2.40
2010.05.21 12:17:03.611,0.773,0.7736,2.40,1.00
2010.05.21 12:17:03.831,0.773,0.7736,2.40,2.80
2010.05.21 12:17:04.572,0.77295,0.7736,2.40,2.80
2010.05.21 12:17:05.302,0.7729,0.77355,2.40,2.40
2010.05.21 12:17:06.296,0.7729,0.77355,2.40,2.80
2010.05.21 12:17:08.641,0.77275,0.77345,2.40,1.00
2010.05.21 12:17:08.821,0.7728,0.77345,1.00,1.00
2010.05.21 12:17:09.001,0.7729,0.7735,2.40,2.40
2010.05.21 12:17:09.666,0.7728,0.7735,2.40,2.80
2010.05.21 12:17:09.973,0.77285,0.77345,2.40,1.00
2010.05.21 12:17:11.766,0.77285,0.7735,2.40,1.00
2010.05.21 12:17:11.982,0.77285,0.7735,2.40,2.80
2010.05.21 12:17:13.442,0.77285,0.7735,2.50,2.80
2010.05.21 12:17:15.068,0.77285,0.77345,2.40,2.40
2010.05.21 12:17:15.402,0.7729,0.7735,1.00,2.80
2010.05.21 12:17:16.062,0.7728,0.77345,2.50,1.00
2010.05.21 12:17:16.752,0.7728,0.7734,2.50,1.00
2010.05.21 12:17:17.392,0.7729,0.77345,2.40,1.00
2010.05.21 12:17:18.767,0.7729,0.7735,2.40,2.80
2010.05.21 12:17:20.922,0.7729,0.7735,2.50,2.80
2010.05.21 12:17:20.951,0.7729,0.7735,2.50,2.40
2010.05.21 12:17:21.812,0.7729,0.7735,2.40,2.40
2010.05.21 12:17:21.844,0.7729,0.77345,2.40,1.00
2010.05.21 12:17:22.252,0.77285,0.7734,1.00,1.00
2010.05.21 12:17:22.845,0.7729,0.7734,1.00,1.00
2010.05.21 12:17:23.182,0.7728,0.7734,2.50,1.00
2010.05.21 12:17:24.613,0.77275,0.7734,2.50,2.80
2010.05.21 12:17:26.130,0.77275,0.77335,2.50,1.00
2010.05.21 12:17:26.472,0.77275,0.7734,2.50,2.80
2010.05.21 12:17:28.071,0.77275,0.77335,2.50,1.00
2010.05.21 12:17:32.411,0.7728,0.77335,1.00,1.00
2010.05.21 12:17:32.622,0.7729,0.77345,2.40,1.00
2010.05.21 12:17:32.832,0.77285,0.77345,2.40,2.80
2010.05.21 12:17:33.742,0.77275,0.7734,2.50,1.00
2010.05.21 12:17:34.031,0.7728,0.7734,1.00,2.80
2010.05.21 12:17:34.770,0.7729,0.7734,1.00,2.80
2010.05.21 12:17:35.055,0.77285,0.7734,1.00,1.00
2010.05.21 12:17:36.472,0.77285,0.77345,2.50,2.40
2010.05.21 12:17:38.648,0.7729,0.77345,1.00,2.40
2010.05.21 12:17:40.703,0.7729,0.77345,1.00,2.40
2010.05.21 12:17:41.081,0.77285,0.77345,1.00,2.40
2010.05.21 12:17:41.171,0.7729,0.77345,1.00,2.40
2010.05.21 12:17:42.221,0.77285,0.77345,1.00,2.40
2010.05.21 12:17:42.881,0.77285,0.77345,2.50,1.00
2010.05.21 12:17:43.211,0.77285,0.77345,2.40,2.40
2010.05.21 12:17:44.821,0.77285,0.77345,2.40,2.80
2010.05.21 12:17:46.291,0.77285,0.7734,2.40,1.00
2010.05.21 12:17:48.571,0.7728,0.7736,3.20,1.00
2010.05.21 12:17:48.691,0.7728,0.7735,3.20,1.00
2010.05.21 12:17:48.931,0.7729,0.7735,2.40,1.00
2010.05.21 12:17:49.708,0.77285,0.77355,2.40,2.90
2010.05.21 12:17:50.024,0.77295,0.77355,2.40,2.90
2010.05.21 12:17:50.342,0.77295,0.7735,2.40,1.00
2010.05.21 12:17:51.428,0.773,0.7735,2.40,1.00
2010.05.21 12:17:51.762,0.77285,0.7735,2.40,2.80
2010.05.21 12:17:52.101,0.77275,0.7734,1.00,2.40
2010.05.21 12:17:52.753,0.77275,0.7734,1.00,2.40
2010.05.21 12:17:52.973,0.77265,0.77325,2.40,2.40
2010.05.21 12:17:53.312,0.7727,0.77325,2.40,1.00
2010.05.21 12:17:54.128,0.77265,0.77335,3.20,1.00
2010.05.21 12:17:54.423,0.7724,0.773,3.30,2.40
2010.05.21 12:17:54.722,0.77255,0.7731,2.40,1.00
2010.05.21 12:17:55.602,0.77255,0.77315,2.40,1.00
2010.05.21 12:17:55.941,0.77255,0.7732,2.40,2.40
2010.05.21 12:17:56.882,0.77255,0.77315,2.40,2.40
2010.05.21 12:17:57.223,0.7726,0.7732,2.40,1.00
2010.05.21 12:17:58.068,0.7726,0.7732,2.40,2.80
2010.05.21 12:17:58.412,0.77255,0.77315,2.40,2.80
2010.05.21 12:17:58.753,0.77255,0.77315,2.40,2.40
2010.05.21 12:17:59.351,0.77255,0.7732,3.20,1.00
2010.05.21 12:17:59.642,0.77255,0.77325,2.40,2.40
2010.05.21 12:17:59.931,0.7725,0.77315,3.20,1.00
2010.05.21 12:18:00.221,0.7725,0.77315,2.40,1.00
2010.05.21 12:18:02.522,0.77245,0.7731,2.40,2.80
2010.05.21 12:18:02.841,0.7724,0.773,2.40,2.80
2010.05.21 12:18:03.676,0.77245,0.773,2.40,1.00
2010.05.21 12:18:03.964,0.77235,0.773,2.40,2.80
2010.05.21 12:18:04.251,0.77235,0.7729,2.40,1.00
2010.05.21 12:18:04.541,0.7723,0.7729,2.50,2.80
2010.05.21 12:18:05.074,0.77235,0.7729,2.40,1.00
2010.05.21 12:18:05.412,0.7724,0.773,2.40,1.00
2010.05.21 12:18:08.101,0.77235,0.77295,2.50,2.40
2010.05.21 12:18:08.792,0.77235,0.773,2.40,2.80
2010.05.21 12:18:09.138,0.77235,0.77295,2.40,2.40
2010.05.21 12:18:09.472,0.77235,0.77295,2.50,2.40
2010.05.21 12:18:10.359,0.7724,0.77295,1.00,2.40
2010.05.21 12:18:10.541,0.77245,0.773,1.00,2.80
2010.05.21 12:18:10.721,0.7724,0.773,2.50,2.40
2010.05.21 12:18:11.051,0.77245,0.77305,2.40,2.40
2010.05.21 12:18:11.381,0.77245,0.77305,1.00,2.40
2010.05.21 12:18:12.083,0.77245,0.77305,2.40,2.40
2010.05.21 12:18:12.422,0.77245,0.77305,2.40,2.40
2010.05.21 12:18:12.761,0.77245,0.773,2.40,1.00
2010.05.21 12:18:16.455,0.77245,0.773,2.50,1.00
2010.05.21 12:18:18.650,0.77245,0.773,2.40,1.00
2010.05.21 12:18:20.332,0.7724,0.773,3.30,2.40
2010.05.21 12:18:21.045,0.77245,0.773,2.40,1.00
2010.05.21 12:18:23.693,0.7725,0.773,2.40,1.00
2010.05.21 12:18:26.223,0.77255,0.773,2.40,1.00
2010.05.21 12:18:26.534,0.77245,0.773,2.50,1.00
2010.05.21 12:18:26.981,0.77245,0.773,2.40,1.00
2010.05.21 12:18:27.953,0.7724,0.7729,2.40,1.00
2010.05.21 12:18:28.161,0.7724,0.7729,2.50,1.00
2010.05.21 12:18:29.292,0.7724,0.7729,2.40,1.00
2010.05.21 12:18:32.750,0.7724,0.7729,2.40,1.00
2010.05.21 12:18:33.117,0.7724,0.7729,2.40,1.00
2010.05.21 12:18:33.453,0.77245,0.7729,2.40,1.00
2010.05.21 12:18:34.561,0.7724,0.7729,2.50,1.00
2010.05.21 12:18:37.618,0.7724,0.7729,2.40,1.00
2010.05.21 12:18:37.892,0.77235,0.7729,2.50,1.00
2010.05.21 12:18:38.173,0.77235,0.7729,2.40,1.00
2010.05.21 12:18:38.847,0.77235,0.7729,2.50,1.00
2010.05.21 12:18:39.461,0.77235,0.7729,1.00,1.00
2010.05.21 12:18:39.801,0.7723,0.7729,2.50,1.00
2010.05.21 12:18:41.913,0.7723,0.77285,2.50,1.00
2010.05.21 12:18:41.971,0.77235,0.77285,2.40,1.00
2010.05.21 12:18:42.561,0.7723,0.77285,2.50,1.00
2010.05.21 12:18:42.623,0.7723,0.77295,3.30,2.80
2010.05.21 12:18:42.963,0.7724,0.7729,2.40,1.00
2010.05.21 12:18:43.810,0.77225,0.77285,2.40,1.00
2010.05.21 12:18:44.147,0.77235,0.7729,2.40,1.00
2010.05.21 12:18:46.571,0.77235,0.7729,3.30,1.00
2010.05.21 12:18:47.153,0.77235,0.7729,2.40,1.00
2010.05.21 12:18:47.462,0.77225,0.77275,2.50,1.00
2010.05.21 12:18:48.962,0.77225,0.7728,2.50,1.00
2010.05.21 12:18:49.301,0.7722,0.7728,2.50,1.00
2010.05.21 12:18:49.641,0.77235,0.7728,2.40,1.00
2010.05.21 12:18:51.689,0.77225,0.77285,1.00,1.00
2010.05.21 12:18:51.939,0.77235,0.7728,2.40,1.00
2010.05.21 12:18:52.283,0.7723,0.7728,2.40,1.00
2010.05.21 12:18:53.141,0.77225,0.77285,2.40,1.00
2010.05.21 12:18:53.802,0.7722,0.77275,2.50,1.00
2010.05.21 12:18:54.121,0.7722,0.77275,2.40,1.00
2010.05.21 12:18:54.652,0.77215,0.77275,3.30,1.00
2010.05.21 12:18:54.982,0.77215,0.7727,2.50,1.00
2010.05.21 12:18:55.311,0.7722,0.7727,1.00,1.00
2010.05.21 12:18:56.154,0.7722,0.77275,2.50,1.00
2010.05.21 12:18:56.433,0.77225,0.77275,2.40,1.00
2010.05.21 12:18:56.733,0.7722,0.77275,2.50,1.00
2010.05.21 12:18:57.537,0.77215,0.77275,2.50,1.00
2010.05.21 12:18:57.841,0.77215,0.77275,2.40,2.80
2010.05.21 12:18:58.181,0.77215,0.77275,2.50,1.00
2010.05.21 12:18:58.521,0.77215,0.7727,2.50,1.00
2010.05.21 12:18:59.326,0.77215,0.7727,2.40,1.00
2010.05.21 12:18:59.662,0.77215,0.77275,2.50,1.00
2010.05.21 12:19:00.023,0.7722,0.77275,2.50,1.00
2010.05.21 12:19:00.723,0.7722,0.7728,2.40,1.00
2010.05.21 12:19:01.061,0.7722,0.7728,3.20,1.00
2010.05.21 12:19:03.406,0.7722,0.7728,3.30,1.00
2010.05.21 12:19:03.744,0.7722,0.7728,3.20,1.00
2010.05.21 12:19:05.842,0.7723,0.7728,2.40,1.00
2010.05.21 12:19:06.732,0.7722,0.77275,2.40,1.00
2010.05.21 12:19:10.223,0.7723,0.77285,2.40,1.00
2010.05.21 12:19:14.708,0.77235,0.7729,2.40,1.00
2010.05.21 12:19:15.002,0.7723,0.7729,2.40,1.00
2010.05.21 12:19:15.797,0.77235,0.7729,2.40,1.00
2010.05.21 12:19:18.092,0.77235,0.77295,2.40,1.00
2010.05.21 12:19:21.944,0.7724,0.7729,2.40,1.00
2010.05.21 12:19:23.731,0.77235,0.7729,2.40,1.00
2010.05.21 12:19:24.411,0.7723,0.77285,2.40,1.00
2010.05.21 12:19:25.110,0.7723,0.77285,2.40,1.00
2010.05.21 12:19:25.324,0.7723,0.77285,2.40,1.00
2010.05.21 12:19:26.351,0.7723,0.77285,2.50,1.00
2010.05.21 12:19:26.691,0.7724,0.77285,2.40,1.00
2010.05.21 12:19:27.519,0.77235,0.77285,2.40,1.00
2010.05.21 12:19:27.861,0.7723,0.77285,2.40,1.00
2010.05.21 12:19:31.142,0.7722,0.77275,2.50,1.00
2010.05.21 12:19:31.352,0.7722,0.7727,2.40,1.00
2010.05.21 12:19:32.937,0.7722,0.7727,2.50,1.00
2010.05.21 12:19:33.683,0.7722,0.7727,2.40,1.00
2010.05.21 12:19:34.013,0.7721,0.77265,2.40,1.00
2010.05.21 12:19:34.351,0.7721,0.77265,2.50,1.00
2010.05.21 12:19:35.232,0.7721,0.77265,2.40,1.00
2010.05.21 12:19:35.633,0.7721,0.77265,2.50,1.00
2010.05.21 12:19:37.191,0.7721,0.77265,1.00,2.80
2010.05.21 12:19:38.214,0.77215,0.77265,1.00,1.00
2010.05.21 12:19:38.532,0.77215,0.77265,2.40,1.00
2010.05.21 12:19:38.852,0.7722,0.7727,2.40,1.00
2010.05.21 12:19:42.151,0.77215,0.77265,2.40,1.00
2010.05.21 12:19:42.401,0.77215,0.7726,2.40,1.00
2010.05.21 12:19:43.232,0.7721,0.77255,2.40,1.00
2010.05.21 12:19:43.502,0.77205,0.77255,2.50,1.00
2010.05.21 12:19:43.785,0.77205,0.7725,2.50,1.00
2010.05.21 12:19:45.375,0.77205,0.7725,2.40,1.00
2010.05.21 12:19:45.563,0.77205,0.77245,2.40,1.00
2010.05.21 12:19:47.153,0.77205,0.7725,2.40,1.00
2010.05.21 12:19:48.033,0.772,0.77245,2.40,1.00
2010.05.21 12:19:49.142,0.77205,0.77245,2.40,1.00
2010.05.21 12:19:49.483,0.77205,0.7725,2.40,1.00
2010.05.21 12:19:49.773,0.77195,0.77245,2.50,1.00
2010.05.21 12:19:50.542,0.7719,0.77235,2.50,1.00
2010.05.21 12:19:50.883,0.7719,0.7723,2.50,1.00
2010.05.21 12:19:51.222,0.77195,0.77235,1.00,1.00
2010.05.21 12:19:52.283,0.77195,0.7724,2.40,1.00
2010.05.21 12:19:52.612,0.7719,0.77235,2.40,1.00
2010.05.21 12:19:53.310,0.7719,0.77235,2.50,1.00
2010.05.21 12:19:53.653,0.7719,0.7723,1.00,1.00
2010.05.21 12:19:53.992,0.77195,0.7724,2.50,1.00
2010.05.21 12:19:54.852,0.77195,0.7724,2.40,1.00
2010.05.21 12:19:55.192,0.77195,0.77255,2.40,2.40
2010.05.21 12:19:56.093,0.77195,0.77255,2.50,2.40
2010.05.21 12:19:56.772,0.7719,0.77255,2.50,2.40
2010.05.21 12:19:58.872,0.77195,0.77255,2.50,2.40
2010.05.21 12:19:58.902,0.77195,0.7726,2.40,2.40
2010.05.21 12:19:58.943,0.77195,0.7726,2.40,2.50
2010.05.21 12:19:58.973,0.77195,0.77255,2.40,2.40
2010.05.21 12:20:01.122,0.77195,0.7726,2.40,2.40
2010.05.21 12:20:01.963,0.772,0.77255,2.40,1.00
2010.05.21 12:20:02.242,0.7718,0.7724,2.40,2.40
2010.05.21 12:20:02.511,0.7718,0.77245,2.50,3.20
2010.05.21 12:20:03.090,0.7718,0.77245,2.50,2.40
2010.05.21 12:20:03.433,0.7718,0.77245,2.40,2.40
2010.05.21 12:20:03.773,0.7718,0.77245,2.50,2.40
2010.05.21 12:20:04.328,0.77185,0.77245,2.40,2.40
2010.05.21 12:20:04.785,0.7718,0.77245,2.40,2.50
2010.05.21 12:20:05.122,0.7718,0.77245,2.40,2.40
2010.05.21 12:20:05.998,0.7718,0.77245,2.40,2.50
2010.05.21 12:20:06.272,0.7718,0.7725,2.40,2.50
2010.05.21 12:20:08.104,0.7718,0.77245,2.40,2.40
2010.05.21 12:20:08.443,0.7717,0.77235,2.50,2.40
2010.05.21 12:20:09.302,0.7717,0.77225,1.00,2.40
2010.05.21 12:20:09.642,0.77165,0.77225,1.00,2.40
2010.05.21 12:20:10.503,0.7717,0.77235,2.40,2.40
2010.05.21 12:20:10.792,0.7717,0.77235,2.50,2.40
2010.05.21 12:20:11.131,0.7717,0.77235,2.40,2.40
2010.05.21 12:20:12.002,0.7717,0.7723,2.40,2.40
2010.05.21 12:20:12.322,0.77175,0.77235,2.40,2.50
2010.05.21 12:20:12.641,0.7718,0.77235,2.40,1.00
2010.05.21 12:20:13.451,0.77175,0.77235,2.40,1.00
2010.05.21 12:20:13.751,0.7718,0.7724,2.40,2.50
2010.05.21 12:20:14.922,0.7717,0.7723,2.40,2.40
2010.05.21 12:20:16.512,0.77175,0.7724,2.50,2.40
2010.05.21 12:20:17.653,0.7717,0.77235,1.00,2.40
2010.05.21 12:20:18.252,0.77165,0.7723,2.50,2.40
2010.05.21 12:20:18.808,0.7717,0.7723,2.40,2.40
2010.05.21 12:20:19.144,0.7717,0.7723,1.00,2.40
2010.05.21 12:20:19.423,0.77175,0.77235,1.00,3.20
2010.05.21 12:20:19.701,0.77175,0.77235,1.00,2.40
2010.05.21 12:20:20.238,0.7717,0.77235,1.00,2.40
2010.05.21 12:20:20.572,0.7717,0.77235,1.00,3.20
2010.05.21 12:20:21.791,0.77165,0.7723,1.00,2.40
2010.05.21 12:20:22.123,0.7716,0.77215,1.00,2.40
2010.05.21 12:20:22.462,0.7716,0.7722,2.40,2.40
2010.05.21 12:20:23.702,0.7716,0.77215,1.00,2.40
2010.05.21 12:20:26.002,0.7717,0.77215,1.00,2.40
2010.05.21 12:20:26.582,0.77165,0.77215,1.00,2.40
2010.05.21 12:20:27.422,0.7716,0.7722,1.00,2.40
2010.05.21 12:20:27.741,0.77165,0.7722,1.00,2.40
2010.05.21 12:20:28.982,0.77155,0.7721,1.00,2.40
2010.05.21 12:20:29.321,0.77155,0.77205,1.00,2.40
2010.05.21 12:20:30.502,0.7716,0.77205,1.00,2.40
2010.05.21 12:20:31.532,0.77155,0.77205,1.00,2.40
2010.05.21 12:20:31.812,0.7716,0.77205,1.00,2.40
2010.05.21 12:20:32.151,0.7716,0.7721,1.00,2.40
2010.05.21 12:20:32.740,0.7715,0.7721,2.50,2.40
2010.05.21 12:20:33.091,0.77145,0.77215,2.50,2.40
2010.05.21 12:20:33.434,0.77155,0.77205,1.00,2.40
2010.05.21 12:20:34.592,0.7715,0.77225,2.40,2.40
2010.05.21 12:20:34.862,0.7715,0.7721,2.40,2.40
2010.05.21 12:20:39.583,0.7715,0.7721,2.50,2.40
2010.05.21 12:20:39.872,0.7715,0.77215,2.50,2.40
2010.05.21 12:20:41.072,0.7715,0.7721,2.40,2.40
2010.05.21 12:20:42.122,0.77155,0.77215,2.40,2.40
2010.05.21 12:20:42.497,0.77155,0.77215,2.40,2.50
2010.05.21 12:20:43.613,0.7714,0.77195,1.00,2.40
2010.05.21 12:20:43.862,0.77135,0.77195,2.50,2.40
2010.05.21 12:20:44.111,0.77135,0.7719,1.00,2.40
2010.05.21 12:20:44.892,0.7713,0.7719,2.50,2.40
2010.05.21 12:20:45.202,0.77135,0.77195,2.40,2.40
2010.05.21 12:20:45.511,0.7713,0.7719,2.50,2.40
2010.05.21 12:20:46.363,0.7714,0.7719,1.00,2.40
2010.05.21 12:20:46.661,0.77135,0.7719,1.00,2.40
2010.05.21 12:20:46.961,0.77135,0.7719,1.00,2.40
2010.05.21 12:20:47.832,0.77135,0.77195,1.00,2.40
2010.05.21 12:20:48.171,0.7713,0.77195,2.50,2.40
2010.05.21 12:20:48.512,0.77135,0.77195,1.00,2.40
2010.05.21 12:20:49.324,0.7715,0.772,2.40,1.00
2010.05.21 12:20:49.662,0.77155,0.7722,2.40,2.40
2010.05.21 12:20:50.002,0.7716,0.77225,2.40,2.40
2010.05.21 12:20:51.011,0.7716,0.77225,2.40,2.50
2010.05.21 12:20:51.352,0.77155,0.77215,2.40,2.40
2010.05.21 12:20:51.692,0.7716,0.7722,2.40,2.40
2010.05.21 12:20:53.986,0.77165,0.77225,2.40,2.50
2010.05.21 12:20:54.532,0.7716,0.77225,2.40,2.40
2010.05.21 12:20:54.872,0.77155,0.77215,2.40,2.40
2010.05.21 12:20:55.211,0.7715,0.77215,2.50,2.40
2010.05.21 12:20:56.181,0.7715,0.77215,2.40,2.40
2010.05.21 12:20:56.371,0.7715,0.77215,2.40,2.40
2010.05.21 12:20:57.662,0.77145,0.77205,2.40,2.40
2010.05.21 12:20:58.442,0.77145,0.7721,2.50,2.40
2010.05.21 12:20:59.302,0.77145,0.77205,2.50,2.40
2010.05.21 12:21:00.858,0.7715,0.77205,1.00,2.40
2010.05.21 12:21:01.193,0.7714,0.772,2.40,2.40
2010.05.21 12:21:01.351,0.7714,0.7718,2.40,1.00
2010.05.21 12:21:01.431,0.7713,0.7717,1.00,2.40
2010.05.21 12:21:01.511,0.7712,0.7717,1.00,2.40
2010.05.21 12:21:01.604,0.7712,0.77175,1.00,2.40
2010.05.21 12:21:02.276,0.7712,0.77175,1.00,2.40
2010.05.21 12:21:02.632,0.7712,0.7718,1.00,2.40
2010.05.21 12:21:04.152,0.77125,0.7718,1.00,2.40
2010.05.21 12:21:05.572,0.7712,0.7718,1.00,2.40
2010.05.21 12:21:05.832,0.77115,0.7718,2.40,2.40
2010.05.21 12:21:07.591,0.7711,0.7717,2.40,2.40
2010.05.21 12:21:07.881,0.77115,0.7717,1.00,2.40
2010.05.21 12:21:08.912,0.77115,0.7718,2.50,3.20
2010.05.21 12:21:09.111,0.7711,0.77175,2.40,2.40
2010.05.21 12:21:09.303,0.7711,0.77175,2.50,2.40
2010.05.21 12:21:10.313,0.7712,0.7718,2.40,2.40
2010.05.21 12:21:10.971,0.7712,0.7718,2.50,2.40
2010.05.21 12:21:11.692,0.77125,0.77185,2.40,2.40
2010.05.21 12:21:12.043,0.7713,0.7719,2.40,2.40
2010.05.21 12:21:13.277,0.77125,0.77185,2.40,2.40
2010.05.21 12:21:13.842,0.7713,0.7719,2.40,2.40
2010.05.21 12:21:14.122,0.77125,0.77195,2.50,2.40
2010.05.21 12:21:15.251,0.77125,0.7719,2.50,2.40
2010.05.21 12:21:16.463,0.7712,0.7718,2.40,2.40
2010.05.21 12:21:18.662,0.77115,0.77175,1.00,2.40
2010.05.21 12:21:19.885,0.7711,0.77175,2.40,2.40
2010.05.21 12:21:20.083,0.7711,0.77175,2.50,2.40
2010.05.21 12:21:20.273,0.7711,0.77165,1.00,2.40
2010.05.21 12:21:21.133,0.7712,0.7719,2.40,3.20
2010.05.21 12:21:21.472,0.7711,0.77175,1.00,2.40
2010.05.21 12:21:22.214,0.7711,0.7718,2.40,3.20
2010.05.21 12:21:22.542,0.7711,0.7718,3.20,2.40
2010.05.21 12:21:23.203,0.7712,0.7718,2.40,2.40
2010.05.21 12:21:24.072,0.7712,0.77185,2.40,2.40
2010.05.21 12:21:24.413,0.77135,0.77195,2.40,2.40
2010.05.21 12:21:25.252,0.7713,0.7719,2.40,2.40
2010.05.21 12:21:28.612,0.7712,0.7718,2.40,2.40
2010.05.21 12:21:28.951,0.7713,0.7719,2.40,2.40
2010.05.21 12:21:32.561,0.7713,0.7719,2.40,2.40
2010.05.21 12:21:32.721,0.7713,0.7719,2.40,2.40
2010.05.21 12:21:33.681,0.77135,0.77195,2.40,2.40
2010.05.21 12:21:35.263,0.77135,0.77195,2.50,2.40
2010.05.21 12:21:35.602,0.7714,0.7719,1.00,2.40
2010.05.21 12:21:35.822,0.7713,0.7719,2.40,2.40
2010.05.21 12:21:36.716,0.7713,0.7719,2.50,2.40
2010.05.21 12:21:36.991,0.77125,0.7719,2.50,2.40
2010.05.21 12:21:37.271,0.7713,0.7719,1.00,2.40
2010.05.21 12:21:38.024,0.77125,0.7719,2.50,2.40
2010.05.21 12:21:38.362,0.77125,0.7719,2.40,2.40
2010.05.21 12:21:38.703,0.77135,0.77195,2.40,2.40
2010.05.21 12:21:39.500,0.77135,0.77195,2.40,2.40
2010.05.21 12:21:39.802,0.7713,0.7719,2.40,2.40
2010.05.21 12:21:41.183,0.7713,0.7719,2.50,2.40
2010.05.21 12:21:41.793,0.7714,0.7719,1.00,2.40
2010.05.21 12:21:42.643,0.7713,0.7719,1.00,2.40
2010.05.21 12:21:44.806,0.77155,0.77215,2.40,2.40
2010.05.21 12:21:44.882,0.7716,0.7722,2.40,2.40
2010.05.21 12:21:45.483,0.7717,0.7723,2.40,2.40
2010.05.21 12:21:45.822,0.77165,0.77225,2.40,2.40
2010.05.21 12:21:48.682,0.7717,0.7723,2.40,2.40
2010.05.21 12:21:48.902,0.77175,0.77235,2.40,2.40
2010.05.21 12:21:49.728,0.7717,0.77235,2.40,2.40
2010.05.21 12:21:50.052,0.7717,0.77235,2.40,2.40
2010.05.21 12:21:50.382,0.7717,0.7723,2.40,2.40
2010.05.21 12:21:51.271,0.7717,0.7723,2.40,2.40
2010.05.21 12:21:51.612,0.77175,0.7723,1.00,2.40
2010.05.21 12:21:52.452,0.7717,0.7723,2.40,2.40
2010.05.21 12:21:53.942,0.7718,0.7724,2.40,2.40
2010.05.21 12:21:54.282,0.77175,0.77235,2.50,2.40
2010.05.21 12:21:54.623,0.7717,0.7723,2.40,2.50
2010.05.21 12:21:55.492,0.7717,0.7723,1.00,2.40
2010.05.21 12:21:55.831,0.77165,0.7723,2.50,2.40
2010.05.21 12:21:57.272,0.77165,0.77225,2.50,2.40
2010.05.21 12:21:57.974,0.7717,0.7723,2.40,2.40
2010.05.21 12:21:58.262,0.77155,0.7722,2.40,2.40
2010.05.21 12:21:58.602,0.77155,0.77215,2.40,2.40
2010.05.21 12:21:59.862,0.7715,0.7721,2.40,2.40
2010.05.21 12:22:01.582,0.77155,0.77215,2.40,2.50
2010.05.21 12:22:02.362,0.7715,0.77215,2.40,2.40
2010.05.21 12:22:02.705,0.7713,0.7719,2.50,2.40
2010.05.21 12:22:03.043,0.77135,0.77195,2.50,2.40
2010.05.21 12:22:03.903,0.77135,0.772,2.50,2.40
2010.05.21 12:22:04.242,0.77145,0.77205,2.40,3.20
2010.05.21 12:22:05.084,0.77145,0.77205,2.40,2.40
2010.05.21 12:22:06.892,0.7714,0.77205,2.50,2.40
2010.05.21 12:22:07.924,0.77145,0.77205,2.50,2.40
2010.05.21 12:22:08.162,0.77145,0.7721,2.40,2.40
2010.05.21 12:22:08.492,0.7714,0.77205,2.40,2.40
2010.05.21 12:22:09.173,0.7714,0.77205,2.40,2.40
2010.05.21 12:22:09.853,0.77135,0.772,2.40,2.40
2010.05.21 12:22:10.762,0.7713,0.7719,2.40,2.40
2010.05.21 12:22:11.442,0.7712,0.77185,3.20,2.40
2010.05.21 12:22:11.973,0.7712,0.77185,2.40,2.40
2010.05.21 12:22:12.312,0.77115,0.7718,2.40,2.40
2010.05.21 12:22:13.762,0.77125,0.7718,1.00,2.40
2010.05.21 12:22:13.931,0.77115,0.7718,2.50,2.40
2010.05.21 12:22:14.567,0.77115,0.77175,2.50,2.40
2010.05.21 12:22:14.903,0.7711,0.7717,2.50,2.40
2010.05.21 12:22:15.242,0.77125,0.77175,1.00,2.40
2010.05.21 12:22:15.933,0.7713,0.77175,1.00,2.40
2010.05.21 12:22:16.252,0.77125,0.7718,1.00,2.40
2010.05.21 12:22:16.575,0.7712,0.7718,2.50,2.40
2010.05.21 12:22:17.472,0.7713,0.7718,1.00,2.40
2010.05.21 12:22:17.812,0.7713,0.7718,1.00,2.40
2010.05.21 12:22:19.382,0.77125,0.7718,1.00,2.40
2010.05.21 12:22:20.178,0.7713,0.7718,1.00,2.40
2010.05.21 12:22:20.433,0.7713,0.7718,1.00,2.40
2010.05.21 12:22:21.036,0.77125,0.7718,1.00,2.40
2010.05.21 12:22:21.322,0.7713,0.7718,1.00,2.40
2010.05.21 12:22:21.888,0.7712,0.7718,2.50,2.40
2010.05.21 12:22:22.353,0.77125,0.7718,1.00,2.40
2010.05.21 12:22:23.632,0.77115,0.77175,1.00,2.40
2010.05.21 12:22:23.951,0.7712,0.7719,1.00,1.00
2010.05.21 12:22:24.272,0.7713,0.77185,1.00,2.40
2010.05.21 12:22:25.113,0.77135,0.77195,2.50,2.40
2010.05.21 12:22:25.422,0.7714,0.77195,1.00,2.40
2010.05.21 12:22:26.334,0.77145,0.772,1.00,2.40
2010.05.21 12:22:28.182,0.7714,0.772,1.00,2.40
2010.05.21 12:22:28.602,0.77145,0.772,1.00,2.40
2010.05.21 12:22:30.051,0.7715,0.772,1.00,2.40
2010.05.21 12:22:30.802,0.7715,0.772,1.00,2.40
2010.05.21 12:22:31.612,0.7715,0.77205,1.00,2.40
2010.05.21 12:22:31.891,0.7715,0.772,1.00,2.40
2010.05.21 12:22:32.814,0.77145,0.772,1.00,2.40
2010.05.21 12:22:33.853,0.77155,0.772,1.00,2.40
2010.05.21 12:22:34.056,0.7715,0.772,1.00,2.40
2010.05.21 12:22:34.211,0.77145,0.772,1.00,2.40
2010.05.21 12:22:37.473,0.7715,0.772,1.00,2.40
2010.05.21 12:22:39.030,0.77155,0.772,1.00,2.40
2010.05.21 12:22:39.374,0.7716,0.772,1.00,2.40
2010.05.21 12:22:39.914,0.77155,0.77195,1.00,2.40
2010.05.21 12:22:41.752,0.7715,0.77205,1.00,2.40
2010.05.21 12:22:42.092,0.77155,0.7721,1.00,2.40
2010.05.21 12:22:42.922,0.7715,0.772,1.00,2.40
2010.05.21 12:22:43.512,0.77155,0.772,1.00,2.40
2010.05.21 12:22:44.152,0.7716,0.77205,1.00,2.40
2010.05.21 12:22:44.493,0.77155,0.77205,1.00,2.40
2010.05.21 12:22:45.173,0.7715,0.772,1.00,2.40
2010.05.21 12:22:45.701,0.77145,0.772,1.00,2.40
2010.05.21 12:22:46.382,0.7715,0.772,1.00,2.40
2010.05.21 12:22:46.717,0.77145,0.772,1.00,2.40
2010.05.21 12:22:47.852,0.7714,0.772,1.00,2.40
2010.05.21 12:22:48.822,0.77135,0.77195,2.50,2.40
2010.05.21 12:22:49.200,0.77135,0.77195,2.40,2.40
2010.05.21 12:22:50.193,0.77125,0.7719,2.50,2.40
2010.05.21 12:22:52.052,0.7712,0.77185,2.50,2.40
2010.05.21 12:22:52.391,0.77125,0.77185,1.00,2.40
2010.05.21 12:22:53.815,0.7712,0.77185,2.40,2.40
2010.05.21 12:22:54.973,0.77115,0.77175,2.40,2.40
2010.05.21 12:22:55.292,0.77125,0.77175,1.00,2.40
2010.05.21 12:22:55.612,0.7712,0.77175,1.00,2.40
2010.05.21 12:22:57.673,0.77125,0.77175,1.00,2.40
2010.05.21 12:22:58.012,0.7712,0.77175,1.00,2.40
2010.05.21 12:22:59.233,0.77115,0.77175,1.00,2.40
2010.05.21 12:23:00.653,0.77115,0.77175,2.50,2.40
2010.05.21 12:23:00.922,0.7712,0.77175,1.00,2.40
2010.05.21 12:23:02.066,0.7712,0.77175,1.00,2.40
2010.05.21 12:23:02.397,0.7712,0.7718,2.50,2.40
2010.05.21 12:23:04.259,0.77125,0.7718,1.00,2.40
2010.05.21 12:23:05.044,0.7712,0.7718,2.50,2.40
2010.05.21 12:23:05.594,0.7712,0.7718,2.40,2.40
2010.05.21 12:23:05.751,0.77115,0.7718,2.50,2.40
2010.05.21 12:23:06.132,0.77115,0.7718,2.40,2.40
2010.05.21 12:23:06.832,0.7711,0.7718,2.40,2.40
2010.05.21 12:23:07.411,0.7711,0.7718,2.50,2.40
2010.05.21 12:23:08.603,0.77115,0.7718,2.40,2.40
2010.05.21 12:23:14.884,0.7712,0.7718,2.40,2.40
2010.05.21 12:23:15.177,0.77115,0.7718,2.40,2.40
2010.05.21 12:23:15.463,0.7712,0.7718,2.40,2.40
2010.05.21 12:23:20.923,0.77115,0.77175,2.40,2.40
2010.05.21 12:23:22.131,0.77115,0.77175,2.50,2.40
2010.05.21 12:23:22.738,0.77115,0.77175,2.40,2.40
2010.05.21 12:23:24.972,0.77115,0.77175,2.50,2.40
2010.05.21 12:23:25.143,0.77115,0.77175,2.40,2.40
2010.05.21 12:23:25.312,0.77115,0.77175,2.40,2.40
2010.05.21 12:23:25.984,0.77115,0.77175,2.40,2.40
2010.05.21 12:23:28.173,0.77115,0.77175,2.40,2.50
2010.05.21 12:23:28.752,0.77115,0.77175,2.40,2.40
2010.05.21 12:23:33.272,0.77115,0.77175,2.40,2.50
2010.05.21 12:23:33.532,0.77115,0.77175,2.40,2.40
2010.05.21 12:23:34.223,0.7711,0.77175,2.40,2.40
2010.05.21 12:23:34.351,0.77115,0.7718,2.40,3.20
2010.05.21 12:23:34.682,0.77115,0.77175,1.00,2.40
2010.05.21 12:23:35.353,0.7711,0.77175,2.40,2.40
2010.05.21 12:23:35.683,0.77115,0.77175,2.40,2.40
2010.05.21 12:23:36.392,0.77115,0.77175,2.50,2.40
2010.05.21 12:23:36.974,0.77115,0.77175,2.40,2.40
2010.05.21 12:23:37.313,0.77115,0.77175,2.40,2.50
2010.05.21 12:23:39.242,0.77115,0.77175,2.40,2.40
2010.05.21 12:23:40.352,0.77115,0.77175,2.40,2.40
2010.05.21 12:23:40.691,0.77115,0.77175,2.40,2.50
2010.05.21 12:23:42.696,0.77115,0.77175,2.40,2.40
2010.05.21 12:23:43.762,0.77115,0.77175,2.40,2.40
2010.05.21 12:23:44.947,0.77115,0.77175,2.40,2.40
2010.05.21 12:23:45.283,0.7711,0.77175,2.40,2.40
2010.05.21 12:23:45.623,0.77105,0.7717,2.40,2.50
2010.05.21 12:23:46.313,0.771,0.77165,2.40,2.40
2010.05.21 12:23:46.653,0.77105,0.7717,2.40,2.40
2010.05.21 12:23:49.092,0.7711,0.7717,1.00,2.40
2010.05.21 12:23:49.804,0.7711,0.77175,2.40,3.20
2010.05.21 12:23:50.023,0.77105,0.77165,2.40,2.40
2010.05.21 12:23:50.242,0.7711,0.77175,2.40,2.40
2010.05.21 12:23:51.306,0.7711,0.77175,2.50,2.40
2010.05.21 12:23:52.273,0.7711,0.77175,2.40,2.40
2010.05.21 12:23:53.124,0.7711,0.77175,2.40,2.40
2010.05.21 12:23:53.424,0.7711,0.77175,2.50,2.40
2010.05.21 12:23:54.332,0.7711,0.77175,2.40,2.40
2010.05.21 12:23:54.502,0.7711,0.7718,2.50,2.40
2010.05.21 12:23:54.842,0.77115,0.7718,2.40,2.40
2010.05.21 12:23:56.213,0.7711,0.7718,2.40,3.30
2010.05.21 12:23:56.782,0.7711,0.7718,2.40,3.20
2010.05.21 12:23:57.565,0.7711,0.7718,2.40,3.20
2010.05.21 12:24:01.005,0.7711,0.7718,2.50,3.20
2010.05.21 12:24:01.302,0.77115,0.7718,2.40,2.40
2010.05.21 12:24:01.592,0.77115,0.7718,2.50,2.40
2010.05.21 12:24:02.712,0.77115,0.77175,2.50,2.40
2010.05.21 12:24:03.022,0.7712,0.7718,1.00,2.40
2010.05.21 12:24:03.332,0.77115,0.77185,2.50,2.40
2010.05.21 12:24:03.857,0.7712,0.77185,1.00,2.40
2010.05.21 12:24:04.192,0.77095,0.77165,2.50,3.20
2010.05.21 12:24:05.432,0.7709,0.7715,1.00,2.40
2010.05.21 12:24:05.762,0.7708,0.7715,2.50,2.40
2010.05.21 12:24:06.662,0.77085,0.77145,2.40,2.40
2010.05.21 12:24:07.002,0.7708,0.77145,2.50,2.40
2010.05.21 12:24:07.342,0.77085,0.77145,2.40,2.40
2010.05.21 12:24:08.202,0.77095,0.77155,2.40,2.40
2010.05.21 12:24:08.873,0.7709,0.7715,2.40,2.40
2010.05.21 12:24:09.405,0.77085,0.7715,2.50,2.40
2010.05.21 12:24:09.734,0.7709,0.7715,1.00,2.40
2010.05.21 12:24:10.033,0.77085,0.7715,2.40,2.40
2010.05.21 12:24:10.862,0.77095,0.7716,2.40,2.40
2010.05.21 12:24:11.162,0.77095,0.77155,2.40,2.80
2010.05.21 12:24:11.763,0.77095,0.77155,2.40,1.00
2010.05.21 12:24:12.081,0.77065,0.7714,1.00,2.40
2010.05.21 12:24:12.428,0.7707,0.77135,2.50,2.40
2010.05.21 12:24:13.283,0.7707,0.77135,3.20,2.40
2010.05.21 12:24:13.622,0.77075,0.7714,2.40,2.40
2010.05.21 12:24:14.860,0.7707,0.7714,2.40,2.40
2010.05.21 12:24:15.204,0.77075,0.7714,2.50,2.40
2010.05.21 12:24:16.383,0.77075,0.77135,1.00,2.40
2010.05.21 12:24:16.723,0.7707,0.7713,1.00,2.40
2010.05.21 12:24:17.782,0.77065,0.7713,2.40,2.40
2010.05.21 12:24:18.052,0.77065,0.77125,2.50,2.40
2010.05.21 12:24:18.883,0.7712,0.7715,1.00,2.40
2010.05.21 12:24:19.142,0.77125,0.77155,1.00,2.40
2010.05.21 12:24:19.803,0.7712,0.7718,3.20,2.40
2010.05.21 12:24:20.143,0.77115,0.7719,3.20,2.50
2010.05.21 12:24:20.432,0.77125,0.77185,2.40,2.40
2010.05.21 12:24:20.721,0.77125,0.7719,2.40,2.50
2010.05.21 12:24:21.337,0.77125,0.77185,2.40,1.00
2010.05.21 12:24:21.672,0.7713,0.77185,2.40,1.00
2010.05.21 12:24:22.492,0.77135,0.77195,2.40,2.40
2010.05.21 12:24:22.834,0.7714,0.77205,2.40,1.00
2010.05.21 12:24:23.177,0.77135,0.77205,2.40,3.30
2010.05.21 12:24:23.693,0.77135,0.772,2.40,2.40
2010.05.21 12:24:24.361,0.77135,0.77205,2.40,3.30
2010.05.21 12:24:25.263,0.77135,0.77205,2.40,2.40
2010.05.21 12:24:27.123,0.77135,0.772,2.40,2.40
2010.05.21 12:24:27.861,0.77135,0.77205,2.40,3.20
2010.05.21 12:24:28.702,0.77135,0.772,2.40,2.40
2010.05.21 12:24:29.392,0.7713,0.7719,2.40,2.40
2010.05.21 12:24:29.969,0.77125,0.77185,2.40,2.40
2010.05.21 12:24:30.253,0.7713,0.7719,2.40,2.40
2010.05.21 12:24:30.542,0.77125,0.7719,2.40,2.40
2010.05.21 12:24:32.012,0.7713,0.7719,1.00,2.40
2010.05.21 12:24:34.751,0.77135,0.7719,1.00,2.40
2010.05.21 12:24:35.365,0.77135,0.7719,1.00,2.40
2010.05.21 12:24:35.612,0.7713,0.7719,2.50,2.40
2010.05.21 12:24:36.269,0.7714,0.772,2.40,3.20
2010.05.21 12:24:36.603,0.77155,0.7722,2.40,2.40
2010.05.21 12:24:37.743,0.7716,0.77225,2.40,3.20
2010.05.21 12:24:38.003,0.7714,0.772,1.00,2.40
2010.05.21 12:24:38.584,0.77135,0.772,2.50,2.40
2010.05.21 12:24:39.443,0.7714,0.772,1.00,2.40
2010.05.21 12:24:40.101,0.77135,0.772,2.50,2.40
2010.05.21 12:24:41.323,0.77135,0.77195,2.50,2.40
2010.05.21 12:24:41.662,0.7713,0.77185,1.00,2.40
2010.05.21 12:24:42.399,0.77115,0.7718,2.50,2.40
2010.05.21 12:24:42.732,0.77115,0.7718,2.40,2.40
2010.05.21 12:24:43.912,0.77115,0.7718,2.50,2.40
2010.05.21 12:24:44.618,0.7712,0.7718,1.00,2.40
2010.05.21 12:24:45.380,0.7712,0.7718,1.00,2.40
2010.05.21 12:24:46.532,0.77125,0.7719,3.20,2.40
2010.05.21 12:24:47.046,0.7713,0.77195,2.40,2.40
2010.05.21 12:24:50.613,0.77135,0.772,2.40,2.40
2010.05.21 12:24:51.876,0.7713,0.7719,2.40,2.40
2010.05.21 12:24:52.152,0.77125,0.7718,1.00,2.40
2010.05.21 12:24:52.711,0.7712,0.7718,2.50,2.40
2010.05.21 12:24:53.963,0.7712,0.7718,2.40,2.40
2010.05.21 12:24:54.377,0.7712,0.7718,2.50,2.40
2010.05.21 12:24:55.454,0.7712,0.7718,2.40,2.40
2010.05.21 12:24:55.683,0.7712,0.77185,2.50,2.40
2010.05.21 12:24:55.912,0.7712,0.7718,2.50,2.40
2010.05.21 12:24:56.742,0.7713,0.7719,2.40,2.40
2010.05.21 12:24:57.823,0.77135,0.772,2.40,2.40
2010.05.21 12:24:58.444,0.77145,0.77205,2.40,2.40
2010.05.21 12:24:59.062,0.7715,0.7721,2.40,2.40
2010.05.21 12:24:59.922,0.77145,0.77205,2.40,2.40
2010.05.21 12:25:02.262,0.77135,0.772,2.40,2.40
2010.05.21 12:25:05.992,0.77145,0.7721,2.40,2.40
2010.05.21 12:25:06.699,0.77135,0.772,2.40,2.40
2010.05.21 12:25:08.711,0.77135,0.772,2.40,2.40
2010.05.21 12:25:08.788,0.77135,0.772,2.50,2.40
2010.05.21 12:25:09.963,0.77135,0.772,1.00,2.40
2010.05.21 12:25:10.302,0.77135,0.772,2.50,2.40
2010.05.21 12:25:11.843,0.7714,0.772,2.40,2.40
2010.05.21 12:25:12.672,0.77145,0.7721,2.40,3.20
2010.05.21 12:25:12.951,0.77145,0.7721,2.40,2.40
2010.05.21 12:25:13.742,0.77145,0.7721,2.40,2.40
2010.05.21 12:25:14.753,0.77145,0.7721,2.50,2.40
2010.05.21 12:25:15.682,0.77145,0.772,1.00,2.40
2010.05.21 12:25:15.792,0.7714,0.772,2.40,2.40
2010.05.21 12:25:16.470,0.77135,0.772,2.50,2.40
2010.05.21 12:25:16.813,0.7714,0.772,1.00,2.40
2010.05.21 12:25:17.153,0.77135,0.772,2.40,3.20
2010.05.21 12:25:17.999,0.7713,0.77195,2.50,2.40
2010.05.21 12:25:18.673,0.77135,0.772,2.50,2.40
2010.05.21 12:25:19.461,0.77135,0.772,2.40,2.40
2010.05.21 12:25:19.714,0.7713,0.772,2.40,3.20
2010.05.21 12:25:20.043,0.7713,0.772,3.20,2.40
2010.05.21 12:25:20.802,0.77145,0.77205,2.40,2.40
2010.05.21 12:25:21.123,0.7714,0.77205,2.50,2.40
2010.05.21 12:25:21.442,0.7715,0.77215,2.40,2.40
2010.05.21 12:25:23.222,0.7715,0.7721,1.00,2.40
2010.05.21 12:25:24.136,0.7715,0.7721,2.50,2.40
2010.05.21 12:25:24.444,0.7715,0.77215,2.40,2.40
2010.05.21 12:25:24.742,0.7715,0.7721,2.40,2.40
2010.05.21 12:25:25.041,0.7715,0.7721,2.50,2.40
2010.05.21 12:25:25.375,0.7715,0.7721,2.40,2.40
2010.05.21 12:25:26.302,0.77155,0.7721,1.00,2.40
2010.05.21 12:25:26.730,0.7715,0.7721,2.50,2.40
2010.05.21 12:25:27.353,0.77155,0.7721,1.00,2.40
2010.05.21 12:25:27.676,0.7716,0.7721,1.00,2.40
2010.05.21 12:25:28.006,0.77155,0.7721,1.00,2.40
2010.05.21 12:25:28.852,0.77175,0.7724,2.40,3.20
