2012.05.16 10:00:00.102,0.72169,0.72199,2.25,2.25
2012.05.16 10:00:00.980,0.72171,0.72199,2.25,2.25
2012.05.16 10:00:02.770,0.72171,0.72201,2.25,3.23
2012.05.16 10:00:03.403,0.72172,0.72202,2.25,3.23
2012.05.16 10:00:03.707,0.72172,0.72202,2.63,2.25
2012.05.16 10:00:03.827,0.72179,0.72206,2.25,2.63
2012.05.16 10:00:04.043,0.72173,0.72201,2.25,2.63
2012.05.16 10:00:04.748,0.72178,0.72204,2.25,2.25
2012.05.16 10:00:05.479,0.72177,0.72203,2.25,2.25
2012.05.16 10:00:06.712,0.72176,0.722,2.25,2.25
2012.05.16 10:00:07.790,0.72177,0.72201,2.25,2.25
2012.05.16 10:00:09.320,0.72175,0.72201,2.25,2.25
2012.05.16 10:00:11.138,0.72173,0.72199,2.25,2.25
2012.05.16 10:00:14.867,0.72171,0.72197,2.25,2.25
2012.05.16 10:00:15.169,0.72174,0.72198,2.25,2.25
2012.05.16 10:00:15.801,0.72175,0.72199,2.25,2.25
2012.05.16 10:00:16.231,0.72177,0.72202,2.25,3.23
2012.05.16 10:00:16.731,0.72177,0.72202,2.25,2.85
2012.05.16 10:00:17.237,0.7217,0.72198,2.63,2.25
2012.05.16 10:00:17.921,0.72169,0.72197,2.25,2.25
2012.05.16 10:00:19.350,0.7217,0.72198,2.25,2.25
2012.05.16 10:00:20.318,0.7217,0.72198,2.25,2.63
2012.05.16 10:00:20.674,0.72163,0.72187,2.63,2.25
2012.05.16 10:00:21.008,0.72157,0.72184,2.25,2.25
2012.05.16 10:00:22.044,0.72158,0.72184,2.25,2.25
2012.05.16 10:00:27.037,0.72158,0.72183,2.25,2.25
2012.05.16 10:00:27.825,0.72157,0.72184,2.25,2.25
2012.05.16 10:00:31.568,0.72158,0.72184,2.25,2.25
2012.05.16 10:00:38.988,0.72158,0.72184,3.00,2.25
2012.05.16 10:00:40.646,0.72158,0.72184,2.25,2.25
2012.05.16 10:00:41.167,0.72158,0.72184,3.00,2.25
2012.05.16 10:00:42.282,0.72158,0.72184,2.25,2.25
2012.05.16 10:00:42.840,0.72159,0.72185,2.25,2.25
2012.05.16 10:00:42.952,0.72159,0.72183,2.25,2.25
2012.05.16 10:00:43.396,0.72159,0.72183,3.00,2.25
2012.05.16 10:00:43.990,0.72159,0.72183,2.25,2.25
2012.05.16 10:00:44.808,0.72159,0.72185,2.25,2.25
2012.05.16 10:00:49.368,0.72161,0.72186,2.25,2.25
2012.05.16 10:00:54.392,0.72161,0.72185,2.25,2.25
2012.05.16 10:00:56.199,0.72161,0.72186,2.25,2.63
2012.05.16 10:00:58.757,0.72161,0.72186,3.00,2.63
2012.05.16 10:00:59.418,0.72165,0.72191,2.25,2.63
2012.05.16 10:00:59.710,0.72165,0.72191,2.25,3.38
2012.05.16 10:01:00.300,0.72165,0.72188,2.25,1.13
2012.05.16 10:01:00.617,0.72157,0.72187,3.00,2.63
2012.05.16 10:01:02.048,0.72157,0.72187,3.38,2.25
2012.05.16 10:01:02.107,0.72159,0.72189,2.25,3.38
2012.05.16 10:01:02.678,0.72159,0.72187,2.25,2.25
2012.05.16 10:01:03.308,0.7216,0.72188,2.25,3.38
2012.05.16 10:01:05.599,0.72158,0.72188,2.25,3.38
2012.05.16 10:01:06.599,0.72158,0.72188,2.25,3.38
2012.05.16 10:01:07.488,0.72157,0.72187,3.00,2.63
2012.05.16 10:01:08.381,0.72157,0.72187,3.00,2.63
2012.05.16 10:01:10.410,0.72157,0.72187,3.00,2.63
2012.05.16 10:01:11.225,0.72158,0.72188,2.25,3.38
2012.05.16 10:01:11.754,0.72157,0.72187,3.00,2.63
2012.05.16 10:01:15.338,0.72157,0.72187,3.00,2.63
2012.05.16 10:01:16.850,0.72157,0.72187,3.00,3.00
2012.05.16 10:01:17.400,0.72156,0.7218,3.00,2.25
2012.05.16 10:01:17.479,0.72157,0.72187,3.00,3.23
2012.05.16 10:01:18.681,0.72157,0.72187,3.00,3.23
2012.05.16 10:01:18.738,0.72159,0.72188,1.13,2.25
2012.05.16 10:01:18.857,0.72166,0.72191,2.25,2.63
2012.05.16 10:01:19.639,0.72165,0.72191,2.25,3.60
2012.05.16 10:01:19.809,0.72158,0.72186,2.25,2.63
2012.05.16 10:01:21.240,0.72158,0.72188,2.25,3.00
2012.05.16 10:01:21.296,0.72161,0.72189,2.25,3.38
2012.05.16 10:01:21.509,0.72161,0.72191,3.00,2.25
2012.05.16 10:01:21.689,0.72163,0.72191,2.25,2.25
2012.05.16 10:01:22.628,0.72161,0.72185,2.25,2.25
2012.05.16 10:01:27.847,0.7216,0.72187,2.25,2.63
2012.05.16 10:01:28.373,0.72161,0.72185,2.25,2.25
2012.05.16 10:01:31.711,0.72161,0.72185,2.25,3.00
2012.05.16 10:01:32.043,0.72163,0.72184,2.25,1.13
2012.05.16 10:01:32.167,0.72163,0.72184,2.25,1.13
2012.05.16 10:01:32.241,0.72161,0.72184,2.25,1.13
2012.05.16 10:01:32.298,0.72153,0.72183,2.25,2.25
2012.05.16 10:01:33.050,0.72153,0.72183,2.25,3.23
2012.05.16 10:01:33.642,0.72153,0.72182,2.25,1.13
2012.05.16 10:01:33.978,0.72156,0.72182,2.25,1.13
2012.05.16 10:01:34.113,0.72153,0.72179,2.25,2.63
2012.05.16 10:01:34.639,0.72149,0.72175,3.00,2.25
2012.05.16 10:01:34.851,0.72153,0.7218,2.25,2.25
2012.05.16 10:01:35.222,0.72153,0.7218,2.25,3.00
2012.05.16 10:01:35.347,0.72156,0.72183,2.25,3.23
2012.05.16 10:01:35.913,0.72152,0.72178,2.63,2.25
2012.05.16 10:01:36.081,0.72157,0.72182,2.25,2.25
2012.05.16 10:01:36.137,0.72157,0.72182,2.25,3.00
2012.05.16 10:01:36.477,0.72157,0.72182,2.25,2.25
2012.05.16 10:01:37.171,0.72157,0.72183,2.25,3.00
2012.05.16 10:01:37.521,0.72155,0.72181,2.25,2.25
2012.05.16 10:01:38.217,0.72155,0.72181,2.25,3.00
2012.05.16 10:01:38.830,0.72157,0.72183,2.25,3.38
2012.05.16 10:01:38.911,0.72157,0.72183,2.25,2.63
2012.05.16 10:01:39.491,0.72156,0.72183,2.25,2.63
2012.05.16 10:01:39.728,0.72158,0.72182,2.25,2.25
2012.05.16 10:01:39.942,0.72158,0.72184,2.25,3.00
2012.05.16 10:01:40.599,0.72154,0.7218,2.25,2.25
2012.05.16 10:01:43.047,0.72154,0.7218,2.25,3.00
2012.05.16 10:01:43.561,0.72162,0.72186,2.25,3.00
2012.05.16 10:01:43.791,0.72156,0.72184,2.25,1.13
2012.05.16 10:01:44.439,0.72155,0.72184,2.25,1.13
2012.05.16 10:01:46.159,0.72155,0.72185,3.00,2.63
2012.05.16 10:01:47.830,0.72154,0.72184,3.00,2.63
2012.05.16 10:01:48.619,0.72152,0.7218,3.00,2.25
2012.05.16 10:01:48.997,0.72154,0.72182,3.00,2.63
2012.05.16 10:01:50.199,0.72155,0.72183,3.00,2.25
2012.05.16 10:01:51.050,0.72155,0.72185,3.00,2.63
2012.05.16 10:01:53.137,0.72156,0.72186,3.00,2.25
2012.05.16 10:01:53.871,0.72156,0.72186,3.00,2.25
2012.05.16 10:01:55.731,0.72156,0.72186,2.25,3.00
2012.05.16 10:01:56.721,0.72156,0.72184,3.38,2.25
2012.05.16 10:01:57.441,0.72167,0.72191,2.25,2.63
2012.05.16 10:01:57.987,0.72168,0.72193,2.25,3.38
2012.05.16 10:01:58.048,0.72168,0.72193,2.25,3.00
2012.05.16 10:01:58.467,0.72168,0.72193,2.25,3.75
2012.05.16 10:01:58.620,0.72161,0.72188,2.25,1.13
2012.05.16 10:02:00.170,0.72159,0.72188,2.25,1.13
2012.05.16 10:02:00.829,0.7216,0.7219,2.25,3.38
2012.05.16 10:02:01.181,0.7216,0.7219,3.00,2.63
2012.05.16 10:02:01.728,0.72162,0.72192,2.25,2.63
2012.05.16 10:02:02.479,0.72164,0.72192,2.25,2.63
2012.05.16 10:02:03.028,0.72163,0.72193,2.25,3.38
2012.05.16 10:02:03.379,0.72167,0.72194,2.25,1.13
2012.05.16 10:02:03.978,0.72167,0.72194,2.25,1.13
2012.05.16 10:02:04.038,0.72162,0.7219,2.25,2.25
2012.05.16 10:02:04.099,0.72162,0.7219,2.25,3.00
2012.05.16 10:02:04.157,0.7216,0.7219,2.25,3.00
2012.05.16 10:02:06.827,0.72161,0.72189,2.25,1.13
2012.05.16 10:02:07.579,0.7216,0.72188,2.25,3.00
2012.05.16 10:02:08.208,0.72157,0.72186,1.13,2.25
2012.05.16 10:02:09.388,0.72156,0.72186,3.00,2.63
2012.05.16 10:02:09.859,0.7216,0.72187,2.25,2.25
2012.05.16 10:02:09.917,0.7216,0.72184,2.25,1.13
2012.05.16 10:02:10.117,0.72153,0.72183,2.25,2.25
2012.05.16 10:02:10.604,0.7216,0.72187,2.25,2.25
2012.05.16 10:02:11.952,0.72161,0.72187,2.25,2.25
2012.05.16 10:02:13.118,0.72164,0.72188,2.25,2.25
2012.05.16 10:02:13.722,0.72163,0.72189,2.25,3.38
2012.05.16 10:02:14.942,0.72161,0.72187,2.25,2.63
2012.05.16 10:02:16.140,0.72161,0.72186,2.25,2.25
2012.05.16 10:02:16.847,0.72161,0.72187,2.25,2.63
2012.05.16 10:02:17.679,0.7216,0.72187,2.25,2.63
2012.05.16 10:02:19.777,0.72157,0.72184,2.25,2.63
2012.05.16 10:02:20.091,0.72152,0.7218,3.00,2.25
2012.05.16 10:02:20.649,0.72151,0.72179,3.00,2.25
2012.05.16 10:02:21.198,0.72151,0.72181,3.00,2.25
2012.05.16 10:02:21.557,0.72149,0.72179,3.38,2.25
2012.05.16 10:02:21.618,0.72149,0.72179,3.38,2.25
2012.05.16 10:02:21.679,0.72155,0.72181,2.25,2.63
2012.05.16 10:02:21.738,0.72155,0.72181,2.25,2.25
2012.05.16 10:02:22.538,0.72156,0.72182,2.25,2.63
2012.05.16 10:02:24.468,0.72156,0.7218,2.25,2.25
2012.05.16 10:02:25.117,0.72156,0.72179,2.25,1.13
2012.05.16 10:02:25.178,0.72149,0.72177,2.25,2.25
2012.05.16 10:02:25.721,0.72149,0.72177,3.00,2.25
2012.05.16 10:02:25.958,0.72152,0.72182,2.25,2.63
2012.05.16 10:02:26.164,0.72154,0.72184,2.25,3.75
2012.05.16 10:02:26.227,0.72154,0.72184,2.25,3.38
2012.05.16 10:02:26.939,0.72153,0.72183,2.25,2.63
2012.05.16 10:02:28.388,0.72153,0.72183,2.25,2.63
2012.05.16 10:02:28.898,0.72154,0.72184,2.25,3.38
2012.05.16 10:02:29.111,0.72156,0.72184,2.25,3.38
2012.05.16 10:02:33.041,0.72156,0.72184,3.00,2.63
2012.05.16 10:02:33.200,0.72155,0.72183,2.25,3.38
2012.05.16 10:02:33.309,0.72152,0.7218,3.00,2.25
2012.05.16 10:02:33.748,0.7215,0.72178,3.00,2.25
2012.05.16 10:02:34.392,0.72151,0.72179,3.00,2.63
2012.05.16 10:02:36.201,0.72151,0.72179,3.00,2.63
2012.05.16 10:02:36.528,0.72148,0.72176,3.00,2.25
2012.05.16 10:02:36.587,0.72148,0.72176,2.25,2.25
2012.05.16 10:02:36.847,0.72145,0.72175,3.00,2.25
2012.05.16 10:02:39.246,0.72147,0.72176,2.25,2.63
2012.05.16 10:02:39.728,0.72149,0.72177,2.25,2.63
2012.05.16 10:02:40.351,0.72152,0.7218,3.00,3.23
2012.05.16 10:02:47.619,0.72152,0.7218,3.00,2.63
2012.05.16 10:02:50.468,0.72152,0.72182,3.00,2.63
2012.05.16 10:02:51.062,0.72153,0.72183,2.25,3.38
2012.05.16 10:02:51.684,0.72152,0.72182,3.00,2.63
2012.05.16 10:02:53.656,0.72152,0.7218,3.00,2.25
2012.05.16 10:02:53.971,0.72152,0.72182,3.00,2.63
2012.05.16 10:02:54.357,0.72152,0.72182,3.00,2.63
2012.05.16 10:02:55.078,0.72151,0.72181,3.00,2.25
2012.05.16 10:02:56.431,0.72154,0.72182,3.00,2.63
2012.05.16 10:02:57.630,0.72154,0.72182,2.25,2.63
2012.05.16 10:02:57.746,0.72154,0.72182,2.25,3.00
2012.05.16 10:02:57.830,0.7215,0.72176,3.00,2.25
2012.05.16 10:02:57.947,0.72152,0.72176,1.13,2.25
2012.05.16 10:02:58.067,0.7216,0.72186,2.25,2.25
2012.05.16 10:02:58.128,0.7216,0.72186,2.25,3.00
2012.05.16 10:02:58.407,0.7215,0.72176,3.00,2.25
2012.05.16 10:03:00.480,0.72151,0.72175,3.00,2.25
2012.05.16 10:03:00.595,0.72151,0.72177,3.00,2.25
2012.05.16 10:03:00.924,0.72151,0.72175,3.00,2.25
2012.05.16 10:03:02.202,0.72152,0.72176,3.00,2.25
2012.05.16 10:03:03.013,0.72151,0.72177,3.00,2.25
2012.05.16 10:03:03.334,0.72155,0.72181,3.00,2.25
2012.05.16 10:03:03.578,0.72161,0.72186,2.25,2.25
2012.05.16 10:03:04.160,0.72161,0.72186,3.00,2.25
2012.05.16 10:03:05.430,0.72161,0.72185,3.00,2.25
2012.05.16 10:03:05.677,0.72159,0.72185,2.25,2.25
2012.05.16 10:03:05.771,0.72159,0.72185,3.00,2.25
2012.05.16 10:03:05.989,0.72162,0.7219,2.25,2.85
2012.05.16 10:03:10.728,0.72162,0.72192,2.25,2.63
2012.05.16 10:03:10.847,0.72166,0.72194,2.25,3.38
2012.05.16 10:03:10.907,0.72162,0.72192,2.25,2.63
2012.05.16 10:03:12.147,0.72162,0.7219,2.25,2.25
2012.05.16 10:03:16.200,0.72158,0.72188,3.38,2.25
2012.05.16 10:03:16.328,0.72158,0.72188,2.25,3.38
2012.05.16 10:03:16.387,0.72158,0.72186,2.25,2.25
2012.05.16 10:03:16.787,0.72158,0.72186,3.00,2.25
2012.05.16 10:03:18.961,0.7216,0.72188,3.00,2.63
2012.05.16 10:03:19.403,0.72158,0.72186,3.00,2.25
2012.05.16 10:03:19.528,0.72158,0.72186,2.25,2.25
2012.05.16 10:03:19.798,0.72156,0.72186,3.00,2.63
2012.05.16 10:03:20.682,0.72158,0.72186,2.25,2.63
2012.05.16 10:03:20.848,0.72157,0.72185,3.00,2.25
2012.05.16 10:03:21.486,0.72158,0.72188,3.00,2.63
2012.05.16 10:03:22.018,0.72159,0.72189,3.00,2.63
2012.05.16 10:03:24.408,0.7216,0.72188,1.13,2.25
2012.05.16 10:03:24.717,0.72166,0.72191,3.00,2.25
2012.05.16 10:03:25.078,0.72171,0.72197,2.25,3.00
2012.05.16 10:03:25.139,0.72171,0.72197,2.63,2.25
2012.05.16 10:03:25.258,0.72176,0.722,2.25,2.25
2012.05.16 10:03:25.771,0.72176,0.72202,2.25,2.25
2012.05.16 10:03:25.827,0.72176,0.722,2.25,2.25
2012.05.16 10:03:26.111,0.72176,0.72202,2.25,2.25
2012.05.16 10:03:26.209,0.72176,0.722,2.25,2.25
2012.05.16 10:03:26.321,0.72176,0.72202,2.25,2.25
2012.05.16 10:03:26.433,0.72176,0.722,2.25,2.25
2012.05.16 10:03:26.652,0.72176,0.72202,2.25,2.25
2012.05.16 10:03:27.016,0.72176,0.722,2.25,2.25
2012.05.16 10:03:27.212,0.72176,0.72202,2.25,2.25
2012.05.16 10:03:27.323,0.72176,0.722,2.25,2.25
2012.05.16 10:03:27.872,0.72175,0.72201,2.25,2.25
2012.05.16 10:03:28.742,0.72176,0.72202,2.25,2.25
2012.05.16 10:03:29.111,0.72176,0.722,2.25,2.25
2012.05.16 10:03:29.419,0.72176,0.72203,2.25,3.00
2012.05.16 10:03:30.011,0.72176,0.72203,2.25,2.25
2012.05.16 10:03:30.659,0.72177,0.72203,2.25,2.25
2012.05.16 10:03:30.958,0.7218,0.72204,2.25,3.00
2012.05.16 10:03:31.902,0.72179,0.72203,2.25,2.25
2012.05.16 10:03:32.809,0.72179,0.72203,2.25,3.00
2012.05.16 10:03:33.684,0.72178,0.72202,2.25,3.00
2012.05.16 10:03:33.796,0.72178,0.72202,2.25,2.25
2012.05.16 10:03:34.178,0.7218,0.72208,2.25,3.00
2012.05.16 10:03:35.292,0.7218,0.72208,2.25,2.25
2012.05.16 10:03:35.465,0.72182,0.7221,2.25,3.38
2012.05.16 10:03:36.120,0.72182,0.72209,2.25,1.13
2012.05.16 10:03:36.437,0.7218,0.72204,2.25,3.00
2012.05.16 10:03:37.419,0.72181,0.72206,2.25,1.13
2012.05.16 10:03:38.020,0.7218,0.72204,2.25,3.00
2012.05.16 10:03:38.106,0.72178,0.72204,2.25,3.00
2012.05.16 10:03:38.338,0.72178,0.72202,2.25,2.25
2012.05.16 10:03:38.868,0.72177,0.72201,2.25,2.25
2012.05.16 10:03:38.928,0.72177,0.72203,2.25,2.25
2012.05.16 10:03:39.091,0.72179,0.72205,2.25,3.00
2012.05.16 10:03:39.630,0.72178,0.72202,2.25,2.25
2012.05.16 10:03:39.835,0.72176,0.72202,2.25,2.25
2012.05.16 10:03:41.120,0.72176,0.72202,2.25,3.00
2012.05.16 10:03:41.613,0.72177,0.72202,2.25,2.25
2012.05.16 10:03:42.615,0.72177,0.72203,2.25,3.00
2012.05.16 10:03:42.932,0.72177,0.72203,2.25,3.00
2012.05.16 10:03:44.911,0.72177,0.72203,2.25,2.25
2012.05.16 10:03:46.536,0.72177,0.72202,2.25,2.25
2012.05.16 10:03:49.260,0.72177,0.72202,2.25,3.00
2012.05.16 10:03:49.458,0.72177,0.72202,2.25,2.25
2012.05.16 10:03:49.577,0.72177,0.72202,2.25,3.00
2012.05.16 10:03:49.753,0.72177,0.72202,2.25,2.25
2012.05.16 10:03:50.547,0.72177,0.72203,2.25,2.25
2012.05.16 10:03:50.762,0.72177,0.72201,2.25,2.25
2012.05.16 10:03:51.542,0.72176,0.722,3.00,2.25
2012.05.16 10:03:52.349,0.72176,0.722,2.25,2.25
2012.05.16 10:03:52.408,0.72177,0.72207,2.25,3.38
2012.05.16 10:03:53.197,0.72175,0.72205,2.25,3.00
2012.05.16 10:03:53.778,0.72175,0.72205,3.00,2.25
2012.05.16 10:03:54.532,0.72177,0.72205,2.25,3.38
2012.05.16 10:03:55.192,0.72177,0.72205,2.25,2.63
2012.05.16 10:03:55.929,0.72179,0.72209,2.25,3.38
2012.05.16 10:03:56.049,0.7218,0.72208,2.25,1.13
2012.05.16 10:03:56.240,0.72183,0.72211,2.25,2.25
2012.05.16 10:03:56.362,0.72183,0.72211,3.00,2.25
2012.05.16 10:03:56.667,0.72194,0.7222,2.25,3.38
2012.05.16 10:03:56.727,0.72194,0.7222,2.25,3.38
2012.05.16 10:03:57.818,0.72198,0.72223,2.25,1.35
2012.05.16 10:03:58.130,0.72192,0.72218,2.25,3.00
2012.05.16 10:03:59.049,0.7219,0.72216,2.25,3.00
2012.05.16 10:03:59.487,0.72188,0.72214,2.25,3.00
2012.05.16 10:03:59.761,0.7219,0.72214,2.25,3.00
2012.05.16 10:04:00.739,0.72191,0.72217,2.25,3.38
2012.05.16 10:04:01.530,0.72192,0.72218,2.25,3.60
2012.05.16 10:04:02.134,0.72191,0.72217,2.25,3.00
2012.05.16 10:04:03.413,0.7219,0.72216,2.25,3.00
2012.05.16 10:04:03.742,0.72192,0.72216,2.25,3.00
2012.05.16 10:04:04.309,0.72191,0.72215,2.25,3.00
2012.05.16 10:04:04.818,0.72192,0.72216,2.25,3.00
2012.05.16 10:04:04.954,0.7219,0.72216,2.25,3.00
2012.05.16 10:04:05.063,0.72192,0.72216,2.25,3.00
2012.05.16 10:04:08.471,0.72194,0.72218,2.25,3.60
2012.05.16 10:04:09.190,0.72193,0.72217,2.25,3.00
2012.05.16 10:04:09.380,0.72193,0.72217,2.25,2.25
2012.05.16 10:04:10.543,0.72192,0.72216,2.25,2.25
2012.05.16 10:04:10.670,0.7219,0.72216,2.25,2.25
2012.05.16 10:04:10.727,0.7219,0.72216,2.25,3.00
2012.05.16 10:04:11.582,0.72191,0.72217,2.25,3.00
2012.05.16 10:04:12.509,0.72192,0.72218,2.25,3.60
2012.05.16 10:04:16.503,0.7219,0.72216,2.25,3.00
2012.05.16 10:04:17.751,0.72189,0.72215,2.25,3.00
2012.05.16 10:04:18.109,0.72189,0.72213,2.25,1.13
2012.05.16 10:04:18.167,0.72184,0.7221,2.25,2.25
2012.05.16 10:04:18.713,0.72184,0.7221,2.25,3.00
2012.05.16 10:04:19.237,0.72184,0.72209,2.25,1.13
2012.05.16 10:04:19.399,0.72177,0.72207,2.25,2.25
2012.05.16 10:04:19.641,0.72177,0.72207,2.63,2.25
2012.05.16 10:04:20.108,0.72185,0.72209,2.25,3.00
2012.05.16 10:04:21.690,0.72185,0.72209,2.25,3.38
2012.05.16 10:04:21.859,0.72178,0.72206,2.25,2.25
2012.05.16 10:04:29.155,0.72178,0.72208,2.25,2.63
2012.05.16 10:04:33.290,0.72178,0.72208,2.25,2.25
2012.05.16 10:04:33.500,0.72178,0.72208,3.00,2.25
2012.05.16 10:04:33.801,0.72181,0.72209,2.25,3.38
2012.05.16 10:04:34.505,0.7218,0.72204,2.25,2.25
2012.05.16 10:04:39.704,0.72179,0.72206,2.25,2.25
2012.05.16 10:04:40.259,0.72182,0.72206,2.25,2.25
2012.05.16 10:04:41.641,0.72183,0.72207,2.25,2.25
2012.05.16 10:04:43.099,0.72182,0.72206,2.25,2.25
2012.05.16 10:04:43.346,0.72179,0.72206,2.25,2.25
2012.05.16 10:04:49.809,0.7218,0.72206,2.25,2.25
2012.05.16 10:04:58.167,0.7218,0.72206,2.25,3.00
2012.05.16 10:04:58.447,0.72175,0.72202,2.25,2.25
2012.05.16 10:04:58.958,0.72174,0.72203,2.25,1.13
2012.05.16 10:04:59.018,0.72174,0.72204,3.00,2.63
2012.05.16 10:04:59.242,0.72174,0.72204,2.25,3.38
2012.05.16 10:04:59.309,0.72176,0.72204,2.25,1.13
2012.05.16 10:04:59.779,0.72176,0.722,2.25,2.25
2012.05.16 10:05:04.798,0.72179,0.72207,2.25,2.25
2012.05.16 10:05:06.068,0.72179,0.72209,2.25,3.98
2012.05.16 10:05:06.311,0.72181,0.72209,2.25,3.98
2012.05.16 10:05:12.978,0.72181,0.7221,2.25,1.13
2012.05.16 10:05:22.769,0.72181,0.72209,2.25,1.13
2012.05.16 10:05:22.827,0.72178,0.72208,2.25,2.63
2012.05.16 10:05:23.811,0.72178,0.72208,2.25,2.63
2012.05.16 10:05:23.958,0.72182,0.72209,2.25,1.13
2012.05.16 10:05:24.020,0.7218,0.72209,2.25,1.13
2012.05.16 10:05:24.451,0.72178,0.72208,2.25,2.63
2012.05.16 10:05:26.187,0.72178,0.72208,2.25,2.63
2012.05.16 10:05:28.328,0.72175,0.72203,3.00,2.25
2012.05.16 10:05:28.909,0.72175,0.72203,3.38,2.25
2012.05.16 10:05:29.228,0.72179,0.72206,3.00,2.25
2012.05.16 10:05:29.998,0.72183,0.72211,2.25,2.25
2012.05.16 10:05:32.869,0.72183,0.72211,3.00,2.25
2012.05.16 10:05:33.178,0.72195,0.72218,2.25,1.50
2012.05.16 10:05:33.357,0.72185,0.72209,2.25,2.25
2012.05.16 10:05:33.478,0.72192,0.72218,2.25,1.73
2012.05.16 10:05:33.598,0.72184,0.72218,2.63,1.35
2012.05.16 10:05:33.717,0.72186,0.72219,1.13,3.00
2012.05.16 10:05:33.778,0.72192,0.7222,2.25,3.38
2012.05.16 10:05:34.427,0.72192,0.7222,2.63,2.25
2012.05.16 10:05:35.181,0.72201,0.72225,2.25,2.25
2012.05.16 10:05:35.620,0.72201,0.72225,2.25,3.00
2012.05.16 10:05:36.217,0.72193,0.72221,2.25,1.13
2012.05.16 10:05:37.723,0.72193,0.72221,2.25,1.13
2012.05.16 10:05:37.911,0.7219,0.72215,2.25,1.13
2012.05.16 10:05:38.208,0.7219,0.72217,2.25,2.25
2012.05.16 10:05:38.327,0.72193,0.72221,2.25,1.13
2012.05.16 10:05:40.099,0.72195,0.72222,2.25,1.13
2012.05.16 10:05:40.217,0.72193,0.72222,2.25,1.13
2012.05.16 10:05:40.534,0.72198,0.72222,2.25,1.13
2012.05.16 10:05:40.750,0.72195,0.72221,2.25,3.38
2012.05.16 10:05:41.211,0.72195,0.72216,2.25,1.13
2012.05.16 10:05:41.272,0.72189,0.72216,2.25,1.13
2012.05.16 10:05:41.460,0.72189,0.72217,2.25,2.63
2012.05.16 10:05:42.848,0.72188,0.72218,2.25,3.38
2012.05.16 10:05:42.977,0.7219,0.72218,2.25,3.38
2012.05.16 10:05:43.489,0.7219,0.72218,2.25,3.38
2012.05.16 10:05:43.828,0.72188,0.72216,2.25,2.25
2012.05.16 10:05:43.888,0.7219,0.72218,2.25,1.13
2012.05.16 10:05:44.690,0.7219,0.72218,2.25,3.38
2012.05.16 10:05:47.574,0.72192,0.72218,2.25,1.13
2012.05.16 10:05:49.104,0.72193,0.72218,2.25,1.13
2012.05.16 10:05:49.211,0.72191,0.72218,2.25,1.13
2012.05.16 10:05:50.109,0.7219,0.72218,2.25,1.13
2012.05.16 10:05:52.778,0.7219,0.72218,2.25,3.38
2012.05.16 10:05:52.841,0.72188,0.72218,2.25,3.38
2012.05.16 10:05:53.428,0.72188,0.72216,2.25,1.13
2012.05.16 10:05:53.961,0.72187,0.72215,2.25,3.00
2012.05.16 10:05:55.318,0.72187,0.72214,2.25,1.13
2012.05.16 10:05:55.484,0.72183,0.72213,2.25,2.63
2012.05.16 10:05:55.708,0.72185,0.72214,2.25,1.13
2012.05.16 10:05:56.719,0.72186,0.72214,2.25,3.38
2012.05.16 10:05:57.027,0.72189,0.72214,2.25,1.13
2012.05.16 10:05:58.489,0.72189,0.72217,2.25,2.63
2012.05.16 10:05:59.100,0.72191,0.72219,2.25,3.38
2012.05.16 10:06:00.689,0.72191,0.72219,2.25,3.38
2012.05.16 10:06:01.210,0.72192,0.72219,2.25,1.13
2012.05.16 10:06:01.640,0.72192,0.72219,2.25,1.13
2012.05.16 10:06:03.077,0.72191,0.72215,2.25,3.00
2012.05.16 10:06:04.121,0.72191,0.72215,2.25,2.25
2012.05.16 10:06:04.289,0.72191,0.72217,2.25,2.63
2012.05.16 10:06:04.560,0.72191,0.72217,2.25,3.38
2012.05.16 10:06:05.693,0.72191,0.72217,2.25,3.38
2012.05.16 10:06:05.757,0.72194,0.72217,2.25,1.13
2012.05.16 10:06:06.289,0.72195,0.72219,2.25,3.00
2012.05.16 10:06:06.686,0.72195,0.72219,2.25,3.00
2012.05.16 10:06:06.749,0.72201,0.72223,2.25,1.13
2012.05.16 10:06:06.869,0.72196,0.7222,2.25,3.00
2012.05.16 10:06:06.987,0.72196,0.7222,2.25,3.00
2012.05.16 10:06:07.049,0.7219,0.72216,2.25,3.00
2012.05.16 10:06:09.990,0.72191,0.72217,2.25,3.38
2012.05.16 10:06:10.383,0.72192,0.72217,2.25,3.38
2012.05.16 10:06:10.620,0.72192,0.72216,2.25,3.00
2012.05.16 10:06:10.737,0.72192,0.72216,2.25,3.00
2012.05.16 10:06:10.881,0.7219,0.72214,2.25,3.00
2012.05.16 10:06:11.639,0.72191,0.72215,2.25,3.00
2012.05.16 10:06:12.231,0.72195,0.72217,2.25,1.13
2012.05.16 10:06:12.326,0.72191,0.72217,2.25,1.13
2012.05.16 10:06:12.628,0.72191,0.72217,2.25,1.13
2012.05.16 10:06:12.850,0.72194,0.72217,2.25,1.13
2012.05.16 10:06:13.182,0.72194,0.72218,2.25,3.00
2012.05.16 10:06:13.305,0.72189,0.72215,2.25,3.00
2012.05.16 10:06:13.998,0.7219,0.72214,2.25,3.00
2012.05.16 10:06:14.698,0.72189,0.72213,2.25,3.00
2012.05.16 10:06:16.393,0.72189,0.72213,2.25,3.00
2012.05.16 10:06:17.032,0.7219,0.72214,2.25,3.00
2012.05.16 10:06:18.267,0.7219,0.72214,2.25,3.00
2012.05.16 10:06:21.175,0.7219,0.72214,2.25,3.00
2012.05.16 10:06:22.080,0.72191,0.72215,2.25,3.38
2012.05.16 10:06:22.197,0.72191,0.72215,2.25,3.38
2012.05.16 10:06:22.411,0.72189,0.72215,2.25,3.38
2012.05.16 10:06:23.502,0.7219,0.72215,2.25,1.13
2012.05.16 10:06:24.271,0.72189,0.72215,2.25,3.00
2012.05.16 10:06:24.767,0.72191,0.72215,2.25,3.00
2012.05.16 10:06:25.591,0.7219,0.72216,2.25,3.00
2012.05.16 10:06:28.611,0.7219,0.72216,2.25,3.00
2012.05.16 10:06:29.573,0.72189,0.72215,2.25,3.00
2012.05.16 10:06:29.640,0.72189,0.72215,2.25,3.00
2012.05.16 10:06:29.771,0.72192,0.7222,2.25,3.60
2012.05.16 10:06:30.101,0.72189,0.72215,2.25,3.00
2012.05.16 10:06:31.858,0.7219,0.72216,2.25,3.38
2012.05.16 10:06:33.799,0.7219,0.72216,2.25,3.00
2012.05.16 10:06:33.863,0.72194,0.72218,2.25,3.00
2012.05.16 10:06:34.193,0.72197,0.7222,2.25,1.13
2012.05.16 10:06:34.736,0.72196,0.7222,2.25,3.38
2012.05.16 10:06:36.411,0.72196,0.7222,2.25,3.00
2012.05.16 10:06:36.740,0.72196,0.72222,2.25,3.38
2012.05.16 10:06:37.348,0.72195,0.72218,2.25,1.13
2012.05.16 10:06:37.408,0.72192,0.72217,2.25,3.00
2012.05.16 10:06:37.537,0.72181,0.72218,1.73,1.13
2012.05.16 10:06:37.678,0.72185,0.72219,1.35,1.13
2012.05.16 10:06:37.737,0.72186,0.72221,1.13,1.13
2012.05.16 10:06:38.248,0.72185,0.72219,1.35,1.13
2012.05.16 10:06:38.732,0.72182,0.72216,1.73,1.13
2012.05.16 10:06:39.407,0.72185,0.72219,1.35,1.13
2012.05.16 10:06:39.702,0.72186,0.72221,1.13,1.13
2012.05.16 10:06:40.142,0.72195,0.72221,2.25,3.38
2012.05.16 10:06:40.592,0.72199,0.72224,2.25,3.00
2012.05.16 10:06:41.133,0.72198,0.72224,2.25,3.00
2012.05.16 10:06:41.691,0.72199,0.72224,2.25,3.00
2012.05.16 10:06:41.748,0.72189,0.72215,2.63,2.25
2012.05.16 10:06:41.807,0.72189,0.72215,2.25,2.25
2012.05.16 10:06:42.011,0.72196,0.72224,2.25,1.13
2012.05.16 10:06:42.384,0.72198,0.72219,2.25,1.13
2012.05.16 10:06:42.454,0.72194,0.72219,2.25,1.13
2012.05.16 10:06:42.968,0.72195,0.72219,2.63,2.25
2012.05.16 10:06:43.120,0.72194,0.72221,2.63,2.25
2012.05.16 10:06:43.178,0.72194,0.72221,2.25,2.63
2012.05.16 10:06:43.506,0.72199,0.72224,2.25,1.13
2012.05.16 10:06:43.570,0.72199,0.72224,2.25,1.13
2012.05.16 10:06:44.432,0.72198,0.72224,2.25,3.38
2012.05.16 10:06:44.547,0.72201,0.72223,2.25,1.13
2012.05.16 10:06:44.808,0.72199,0.72223,2.25,1.13
2012.05.16 10:06:46.477,0.72197,0.72223,2.25,3.38
2012.05.16 10:06:46.697,0.72196,0.7222,2.25,2.25
2012.05.16 10:06:47.141,0.72196,0.7222,2.25,3.00
2012.05.16 10:06:47.620,0.72191,0.72217,2.25,2.25
2012.05.16 10:06:47.807,0.72191,0.72217,2.25,3.00
2012.05.16 10:06:48.030,0.72191,0.72217,2.25,2.25
2012.05.16 10:06:48.241,0.72191,0.72217,2.25,3.00
2012.05.16 10:06:48.466,0.72191,0.72217,2.25,2.25
2012.05.16 10:06:49.737,0.72191,0.72217,2.25,3.00
2012.05.16 10:06:50.680,0.7219,0.72216,2.25,2.63
2012.05.16 10:06:50.857,0.72192,0.7222,2.25,3.00
2012.05.16 10:06:51.161,0.72192,0.72216,2.25,1.13
2012.05.16 10:06:51.277,0.7219,0.72214,2.25,3.00
2012.05.16 10:06:55.759,0.72191,0.72215,2.25,3.00
2012.05.16 10:06:57.409,0.7219,0.72214,2.25,3.00
2012.05.16 10:07:01.067,0.72195,0.72219,2.25,3.00
2012.05.16 10:07:01.307,0.72198,0.72225,2.25,3.38
2012.05.16 10:07:03.045,0.722,0.72224,2.25,3.00
2012.05.16 10:07:03.623,0.722,0.72226,2.25,3.00
2012.05.16 10:07:03.882,0.72199,0.72225,2.25,3.00
2012.05.16 10:07:08.102,0.722,0.72224,2.25,3.00
2012.05.16 10:07:08.656,0.72199,0.72225,2.25,3.00
2012.05.16 10:07:09.282,0.722,0.72224,2.25,3.00
2012.05.16 10:07:09.489,0.722,0.72224,2.25,3.00
2012.05.16 10:07:10.581,0.72201,0.72225,2.25,3.00
2012.05.16 10:07:10.799,0.72201,0.72225,2.25,3.00
2012.05.16 10:07:11.489,0.72201,0.72225,2.25,3.00
2012.05.16 10:07:11.748,0.72204,0.72228,2.25,3.00
2012.05.16 10:07:14.827,0.72202,0.72228,2.25,3.00
2012.05.16 10:07:15.459,0.72201,0.72227,2.25,3.00
2012.05.16 10:07:16.122,0.722,0.72224,2.25,3.00
2012.05.16 10:07:16.779,0.72199,0.72225,2.25,3.00
2012.05.16 10:07:17.511,0.72199,0.72225,2.25,3.00
2012.05.16 10:07:17.571,0.72199,0.72225,2.25,3.00
2012.05.16 10:07:19.877,0.72199,0.72224,2.25,3.00
2012.05.16 10:07:20.533,0.722,0.72222,2.25,1.35
2012.05.16 10:07:20.719,0.72201,0.72223,2.25,1.35
2012.05.16 10:07:20.995,0.72201,0.72222,2.25,1.35
2012.05.16 10:07:21.129,0.72199,0.72222,2.25,1.35
2012.05.16 10:07:21.305,0.72201,0.72222,2.25,1.35
2012.05.16 10:07:21.621,0.72198,0.72222,2.25,1.35
2012.05.16 10:07:26.143,0.72198,0.72225,2.25,3.00
2012.05.16 10:07:26.259,0.72198,0.72225,2.25,3.00
2012.05.16 10:07:26.409,0.72198,0.72225,2.25,3.00
2012.05.16 10:07:26.468,0.722,0.72224,2.25,3.00
2012.05.16 10:07:27.151,0.72201,0.72225,2.25,3.00
2012.05.16 10:07:27.783,0.72191,0.72218,2.25,2.25
2012.05.16 10:07:28.149,0.72194,0.72221,2.25,3.00
2012.05.16 10:07:28.210,0.72194,0.72221,2.25,2.25
2012.05.16 10:07:28.333,0.72196,0.7222,2.25,2.25
2012.05.16 10:07:28.763,0.72196,0.72222,2.25,2.85
2012.05.16 10:07:28.881,0.72196,0.7222,2.25,2.25
2012.05.16 10:07:29.218,0.72194,0.7222,2.25,3.00
2012.05.16 10:07:29.500,0.72194,0.7222,2.25,2.25
2012.05.16 10:07:29.678,0.72197,0.72223,2.25,2.85
2012.05.16 10:07:30.858,0.72197,0.72222,2.25,1.35
2012.05.16 10:07:30.933,0.72194,0.72221,2.25,3.00
2012.05.16 10:07:31.554,0.72195,0.72219,2.25,3.00
2012.05.16 10:07:32.082,0.72194,0.72218,2.25,3.00
2012.05.16 10:07:33.278,0.72195,0.72223,2.25,1.35
2012.05.16 10:07:33.399,0.72197,0.72224,2.25,1.35
2012.05.16 10:07:34.358,0.72196,0.72222,2.25,2.85
2012.05.16 10:07:35.024,0.72196,0.72222,2.25,3.23
2012.05.16 10:07:35.490,0.72198,0.72222,2.25,3.23
2012.05.16 10:07:36.042,0.72198,0.72222,2.25,3.23
2012.05.16 10:07:36.557,0.722,0.72224,2.25,3.98
2012.05.16 10:07:36.618,0.72197,0.72223,2.25,2.63
2012.05.16 10:07:36.737,0.72199,0.72223,2.25,2.63
2012.05.16 10:07:37.037,0.72197,0.72224,2.25,3.38
2012.05.16 10:07:39.011,0.72198,0.72223,2.25,2.63
2012.05.16 10:07:39.338,0.72194,0.72221,2.25,2.25
2012.05.16 10:07:39.398,0.72194,0.72221,2.25,3.00
2012.05.16 10:07:40.112,0.72192,0.72218,2.25,3.00
2012.05.16 10:07:40.748,0.72192,0.72217,2.25,2.25
2012.05.16 10:07:41.782,0.72192,0.72217,2.25,2.63
2012.05.16 10:07:43.030,0.72192,0.72217,2.25,2.25
2012.05.16 10:07:43.604,0.72193,0.72219,2.25,3.38
2012.05.16 10:07:43.809,0.72195,0.72219,2.25,1.13
2012.05.16 10:07:44.799,0.72193,0.72219,2.25,3.38
2012.05.16 10:07:45.178,0.72191,0.72218,3.00,2.63
2012.05.16 10:07:45.340,0.7219,0.72216,3.00,2.25
2012.05.16 10:07:45.814,0.72191,0.72218,2.25,3.38
2012.05.16 10:07:45.958,0.72191,0.72218,2.25,3.38
2012.05.16 10:07:46.795,0.72194,0.72218,2.25,3.38
2012.05.16 10:07:47.210,0.72195,0.72219,2.25,1.13
2012.05.16 10:07:47.507,0.72193,0.72219,2.25,3.38
2012.05.16 10:07:47.717,0.72192,0.72216,2.25,2.25
2012.05.16 10:07:51.781,0.72192,0.72216,2.25,1.13
2012.05.16 10:07:51.987,0.72187,0.72213,2.25,2.63
2012.05.16 10:07:53.027,0.72187,0.72211,2.25,2.25
2012.05.16 10:07:55.050,0.72187,0.72211,2.25,2.63
2012.05.16 10:07:55.228,0.7218,0.72207,3.00,2.63
2012.05.16 10:07:55.542,0.72185,0.72211,2.25,2.63
2012.05.16 10:07:56.678,0.72184,0.7221,2.25,2.25
2012.05.16 10:07:57.030,0.7219,0.72214,2.25,3.60
2012.05.16 10:07:58.591,0.7219,0.72214,3.00,2.25
2012.05.16 10:07:58.951,0.72189,0.72215,3.60,2.25
2012.05.16 10:07:59.008,0.72189,0.72215,2.25,2.63
2012.05.16 10:07:59.067,0.72189,0.72215,3.00,2.63
2012.05.16 10:07:59.371,0.72199,0.72224,2.25,3.00
2012.05.16 10:07:59.600,0.72199,0.72224,2.63,3.00
2012.05.16 10:07:59.918,0.72208,0.72234,2.25,3.38
2012.05.16 10:08:00.328,0.72203,0.72229,2.25,1.13
2012.05.16 10:08:01.904,0.72203,0.72229,2.25,1.13
2012.05.16 10:08:02.288,0.72209,0.72233,2.25,3.00
2012.05.16 10:08:02.428,0.72209,0.72233,2.25,2.25
2012.05.16 10:08:02.789,0.72218,0.72243,2.25,3.00
2012.05.16 10:08:03.040,0.72218,0.72243,2.25,3.00
2012.05.16 10:08:04.240,0.72218,0.72239,2.25,1.13
2012.05.16 10:08:04.458,0.72202,0.72239,1.35,1.13
2012.05.16 10:08:04.775,0.72215,0.72239,2.25,1.13
2012.05.16 10:08:05.203,0.72211,0.72235,2.25,3.00
2012.05.16 10:08:05.764,0.72212,0.72236,2.25,1.13
2012.05.16 10:08:07.399,0.72211,0.72237,2.25,3.00
2012.05.16 10:08:07.748,0.72214,0.72242,2.25,1.13
2012.05.16 10:08:07.871,0.72214,0.72242,2.25,1.13
2012.05.16 10:08:08.247,0.72214,0.72244,3.23,3.00
2012.05.16 10:08:08.307,0.72226,0.72248,2.25,1.13
2012.05.16 10:08:08.619,0.72226,0.72243,2.25,1.13
2012.05.16 10:08:08.678,0.72217,0.72241,2.25,3.00
2012.05.16 10:08:08.871,0.72217,0.72239,2.25,1.13
2012.05.16 10:08:09.060,0.72212,0.72236,2.25,2.25
2012.05.16 10:08:09.929,0.72212,0.72238,2.25,2.63
2012.05.16 10:08:11.652,0.72212,0.72236,2.25,2.10
2012.05.16 10:08:11.921,0.72203,0.72229,2.25,3.38
2012.05.16 10:08:11.978,0.72203,0.72229,2.25,3.75
2012.05.16 10:08:12.427,0.72194,0.72218,2.25,2.25
2012.05.16 10:08:12.488,0.72199,0.72223,2.25,2.25
2012.05.16 10:08:12.800,0.72193,0.72219,2.25,2.25
2012.05.16 10:08:12.977,0.72193,0.72219,3.00,2.25
2012.05.16 10:08:13.121,0.72199,0.72223,2.25,2.63
2012.05.16 10:08:13.178,0.72199,0.72223,2.25,2.63
2012.05.16 10:08:13.322,0.72194,0.72218,2.25,2.25
2012.05.16 10:08:13.379,0.72194,0.72218,3.00,2.25
2012.05.16 10:08:13.499,0.72195,0.72221,3.00,2.25
2012.05.16 10:08:13.559,0.72199,0.72226,2.25,2.63
2012.05.16 10:08:13.619,0.72199,0.72226,2.25,3.00
2012.05.16 10:08:13.751,0.72195,0.72221,3.00,2.63
2012.05.16 10:08:13.810,0.72195,0.72221,2.25,2.63
2012.05.16 10:08:14.010,0.722,0.72223,2.25,1.13
2012.05.16 10:08:14.067,0.722,0.72225,2.25,3.38
2012.05.16 10:08:14.127,0.722,0.72223,2.25,1.13
2012.05.16 10:08:14.319,0.722,0.72224,2.25,1.13
2012.05.16 10:08:14.378,0.72195,0.72221,2.25,2.25
2012.05.16 10:08:14.441,0.722,0.72224,2.25,1.13
2012.05.16 10:08:14.781,0.72195,0.72221,2.25,2.63
2012.05.16 10:08:14.950,0.72195,0.72221,2.63,2.25
2012.05.16 10:08:15.011,0.72204,0.72229,2.25,1.13
2012.05.16 10:08:15.447,0.72204,0.7223,2.25,2.25
2012.05.16 10:08:15.568,0.72206,0.72234,2.25,1.13
2012.05.16 10:08:15.688,0.72206,0.72233,2.25,1.13
2012.05.16 10:08:15.859,0.72206,0.72233,2.25,1.13
2012.05.16 10:08:15.917,0.72199,0.72233,2.63,1.13
2012.05.16 10:08:15.977,0.72199,0.72233,2.63,1.13
2012.05.16 10:08:16.668,0.72206,0.72234,2.25,1.13
2012.05.16 10:08:17.070,0.72206,0.72233,2.25,1.13
2012.05.16 10:08:17.378,0.72204,0.72229,2.25,3.38
2012.05.16 10:08:17.558,0.72196,0.72225,2.25,1.13
2012.05.16 10:08:17.651,0.72204,0.72225,2.25,1.13
2012.05.16 10:08:17.958,0.72204,0.72229,2.25,2.63
2012.05.16 10:08:18.018,0.72219,0.72243,2.25,3.00
2012.05.16 10:08:18.585,0.72204,0.72229,2.25,2.25
2012.05.16 10:08:20.412,0.72201,0.72227,3.00,2.25
2012.05.16 10:08:20.930,0.722,0.72226,2.25,2.25
2012.05.16 10:08:21.269,0.722,0.72226,3.00,2.25
2012.05.16 10:08:21.538,0.72201,0.72229,3.00,2.63
2012.05.16 10:08:21.737,0.72208,0.72233,2.25,3.98
2012.05.16 10:08:22.127,0.72208,0.72233,2.25,3.00
2012.05.16 10:08:22.288,0.72211,0.72236,2.25,1.13
2012.05.16 10:08:23.218,0.72211,0.72239,2.25,3.00
2012.05.16 10:08:23.389,0.72223,0.72241,2.25,1.13
2012.05.16 10:08:23.581,0.7221,0.72236,2.25,1.13
2012.05.16 10:08:23.641,0.7221,0.72238,2.25,1.13
2012.05.16 10:08:24.152,0.72211,0.72238,2.25,1.13
2012.05.16 10:08:24.212,0.72211,0.72236,2.25,1.13
2012.05.16 10:08:27.307,0.72211,0.72239,2.25,1.13
2012.05.16 10:08:27.628,0.72211,0.72236,2.25,1.13
2012.05.16 10:08:27.688,0.72207,0.72236,2.25,1.13
2012.05.16 10:08:27.873,0.72205,0.72235,2.25,3.00
2012.05.16 10:08:27.982,0.72207,0.72235,2.25,3.00
2012.05.16 10:08:29.250,0.72207,0.72235,3.00,2.25
2012.05.16 10:08:29.402,0.72207,0.72235,2.25,3.00
2012.05.16 10:08:29.521,0.72207,0.72237,2.25,2.63
2012.05.16 10:08:29.579,0.72207,0.72236,2.25,1.13
2012.05.16 10:08:30.018,0.72208,0.72238,2.25,2.63
2012.05.16 10:08:30.400,0.72208,0.72236,2.25,1.13
2012.05.16 10:08:30.748,0.72212,0.72236,2.25,1.13
2012.05.16 10:08:31.171,0.7221,0.72238,2.25,3.38
2012.05.16 10:08:31.707,0.72209,0.72238,2.25,1.13
2012.05.16 10:08:32.049,0.72209,0.72238,2.25,1.13
2012.05.16 10:08:33.438,0.7221,0.72238,2.25,1.13
2012.05.16 10:08:38.410,0.72212,0.7224,2.25,3.98
2012.05.16 10:08:38.947,0.72201,0.72237,1.13,1.13
2012.05.16 10:08:41.940,0.72203,0.72238,1.13,1.13
2012.05.16 10:08:45.025,0.72212,0.72238,2.25,1.13
2012.05.16 10:08:45.748,0.7221,0.72237,2.25,1.13
2012.05.16 10:08:46.821,0.7221,0.72238,2.25,1.13
2012.05.16 10:08:47.082,0.7221,0.72237,2.25,1.13
2012.05.16 10:08:47.138,0.72208,0.72237,2.25,1.13
2012.05.16 10:08:47.209,0.72206,0.72236,2.25,3.00
2012.05.16 10:08:47.631,0.72206,0.72236,3.00,2.85
2012.05.16 10:08:48.929,0.72206,0.72236,3.00,3.23
2012.05.16 10:08:52.727,0.72206,0.72234,2.25,1.13
2012.05.16 10:08:53.289,0.72205,0.72229,2.25,2.25
2012.05.16 10:08:54.517,0.72197,0.72227,3.00,2.63
2012.05.16 10:08:58.532,0.72197,0.72227,3.00,2.63
2012.05.16 10:08:59.535,0.72198,0.72226,2.25,2.63
2012.05.16 10:09:04.251,0.72197,0.72225,3.00,2.63
2012.05.16 10:09:04.309,0.72197,0.72225,3.00,2.63
2012.05.16 10:09:04.669,0.72199,0.72225,2.25,2.25
2012.05.16 10:09:05.032,0.72204,0.7223,2.25,3.38
2012.05.16 10:09:05.472,0.72202,0.72228,2.25,2.25
2012.05.16 10:09:05.675,0.72204,0.72228,2.25,2.25
2012.05.16 10:09:05.890,0.72202,0.72228,2.25,2.25
2012.05.16 10:09:06.781,0.72204,0.72228,2.25,2.25
2012.05.16 10:09:08.321,0.72209,0.72233,2.25,3.38
2012.05.16 10:09:08.557,0.72201,0.72231,3.00,2.63
2012.05.16 10:09:08.621,0.72201,0.72231,3.00,2.25
2012.05.16 10:09:08.860,0.72208,0.72233,2.25,1.13
2012.05.16 10:09:09.551,0.72207,0.72233,2.25,3.38
2012.05.16 10:09:11.131,0.72207,0.72233,2.25,3.38
2012.05.16 10:09:11.318,0.72205,0.72229,2.25,3.38
2012.05.16 10:09:11.531,0.72203,0.72229,2.25,3.38
2012.05.16 10:09:15.592,0.72203,0.72228,2.25,1.35
2012.05.16 10:09:15.708,0.722,0.72226,2.25,2.25
2012.05.16 10:09:15.948,0.72199,0.72225,2.25,3.00
2012.05.16 10:09:16.731,0.72199,0.72225,2.25,2.25
2012.05.16 10:09:17.079,0.72205,0.72228,2.25,1.35
2012.05.16 10:09:17.398,0.72199,0.72227,2.25,2.63
2012.05.16 10:09:17.994,0.722,0.72224,2.25,1.13
2012.05.16 10:09:18.058,0.72192,0.72224,1.73,1.13
2012.05.16 10:09:18.413,0.72189,0.72223,1.13,1.13
2012.05.16 10:09:18.560,0.72186,0.72218,1.13,1.13
2012.05.16 10:09:18.678,0.72186,0.72223,1.13,1.50
2012.05.16 10:09:18.917,0.72191,0.72229,1.13,1.50
2012.05.16 10:09:18.978,0.72193,0.72229,1.13,1.13
2012.05.16 10:09:19.125,0.72198,0.72228,2.25,2.63
2012.05.16 10:09:19.441,0.72198,0.72226,2.25,3.00
2012.05.16 10:09:21.112,0.72198,0.72228,2.25,3.38
2012.05.16 10:09:22.171,0.72197,0.72225,2.25,3.38
2012.05.16 10:09:22.428,0.72199,0.72225,2.25,1.13
2012.05.16 10:09:23.030,0.72198,0.72225,2.25,1.13
2012.05.16 10:09:23.643,0.72197,0.72225,2.25,3.38
2012.05.16 10:09:23.730,0.72195,0.72225,2.25,3.38
2012.05.16 10:09:24.958,0.72202,0.72229,2.25,3.38
2012.05.16 10:09:26.501,0.72202,0.72229,2.25,3.38
2012.05.16 10:09:26.671,0.72202,0.72229,2.25,3.38
2012.05.16 10:09:27.207,0.72205,0.72229,2.25,3.38
2012.05.16 10:09:28.450,0.72203,0.72229,2.25,3.38
2012.05.16 10:09:30.536,0.72199,0.72226,2.25,3.00
2012.05.16 10:09:36.383,0.72199,0.72224,2.25,1.13
2012.05.16 10:09:36.592,0.72196,0.7222,2.25,2.25
2012.05.16 10:09:36.648,0.72196,0.7222,2.25,3.00
2012.05.16 10:09:36.709,0.72193,0.72221,2.25,3.00
2012.05.16 10:09:37.361,0.72193,0.72221,2.25,3.00
2012.05.16 10:09:37.574,0.72191,0.72215,2.25,3.00
2012.05.16 10:09:37.639,0.72191,0.72208,2.25,1.13
2012.05.16 10:09:37.828,0.7218,0.72207,2.25,2.63
2012.05.16 10:09:38.298,0.72183,0.72211,2.25,1.13
2012.05.16 10:09:38.358,0.72183,0.72213,2.25,2.63
2012.05.16 10:09:38.728,0.72183,0.72213,3.00,2.63
2012.05.16 10:09:38.940,0.72183,0.72213,3.00,2.63
2012.05.16 10:09:39.648,0.72185,0.72215,3.00,2.63
2012.05.16 10:09:40.591,0.72186,0.72214,3.00,2.63
2012.05.16 10:09:40.918,0.72193,0.72217,2.25,2.25
2012.05.16 10:09:41.951,0.72193,0.72217,2.25,2.63
2012.05.16 10:09:42.008,0.72185,0.72215,3.00,2.63
2012.05.16 10:09:42.653,0.72185,0.72214,2.25,1.13
2012.05.16 10:09:43.019,0.72195,0.72219,2.25,3.00
2012.05.16 10:09:43.321,0.72192,0.72219,2.25,3.00
2012.05.16 10:09:43.683,0.72198,0.72223,2.25,1.13
2012.05.16 10:09:44.155,0.72195,0.72221,2.25,2.25
2012.05.16 10:09:44.222,0.72195,0.72219,2.25,3.00
2012.05.16 10:09:44.601,0.72195,0.72218,2.25,1.13
2012.05.16 10:09:44.759,0.72187,0.72215,2.25,1.13
2012.05.16 10:09:45.360,0.72187,0.72217,2.63,3.00
2012.05.16 10:09:45.478,0.72187,0.72217,3.38,2.25
2012.05.16 10:09:45.538,0.72199,0.72222,2.25,1.13
2012.05.16 10:09:45.768,0.72187,0.72215,3.00,2.63
2012.05.16 10:09:46.128,0.72194,0.72218,2.25,3.00
2012.05.16 10:09:46.675,0.72194,0.72218,2.25,3.00
2012.05.16 10:09:46.855,0.72194,0.72218,2.25,2.25
2012.05.16 10:09:47.013,0.72194,0.72218,2.25,3.00
2012.05.16 10:09:47.183,0.7219,0.72215,2.25,1.13
2012.05.16 10:09:47.513,0.72187,0.72213,2.25,2.25
2012.05.16 10:09:47.760,0.72192,0.72218,2.25,3.38
2012.05.16 10:09:48.390,0.72191,0.72217,2.25,2.25
2012.05.16 10:09:48.851,0.72191,0.72217,2.25,3.00
2012.05.16 10:09:49.088,0.72186,0.72213,2.25,3.38
2012.05.16 10:09:49.278,0.72188,0.72217,2.25,1.13
2012.05.16 10:09:49.433,0.72188,0.72218,2.25,3.38
2012.05.16 10:09:49.498,0.72188,0.72216,2.25,3.00
2012.05.16 10:09:49.719,0.72185,0.72213,2.25,2.63
2012.05.16 10:09:50.882,0.72185,0.72214,2.25,1.13
2012.05.16 10:09:51.268,0.72182,0.72212,2.25,2.63
2012.05.16 10:09:51.618,0.72183,0.72211,2.25,2.63
2012.05.16 10:09:52.022,0.72185,0.72213,2.25,2.63
2012.05.16 10:09:52.697,0.72185,0.72215,2.25,3.38
2012.05.16 10:09:52.819,0.72187,0.72215,2.25,1.13
2012.05.16 10:09:53.122,0.72189,0.72217,2.25,1.13
2012.05.16 10:09:53.702,0.72188,0.72217,2.25,1.13
2012.05.16 10:09:54.210,0.72189,0.72217,2.25,1.13
2012.05.16 10:09:54.451,0.72189,0.72218,2.25,1.13
2012.05.16 10:09:57.318,0.72189,0.72218,2.25,1.13
2012.05.16 10:09:58.180,0.72187,0.72217,3.00,2.25
2012.05.16 10:09:59.172,0.72187,0.72217,2.25,3.38
2012.05.16 10:09:59.918,0.72187,0.72217,2.25,2.63
2012.05.16 10:10:00.039,0.72187,0.72215,2.25,2.25
2012.05.16 10:10:01.320,0.72187,0.72215,2.25,3.38
2012.05.16 10:10:01.800,0.72187,0.72217,3.00,2.25
2012.05.16 10:10:04.540,0.72187,0.72217,3.00,2.63
2012.05.16 10:10:05.512,0.72187,0.72217,3.00,2.63
2012.05.16 10:10:05.688,0.72193,0.72223,2.25,2.63
2012.05.16 10:10:06.020,0.72193,0.72223,2.25,2.25
2012.05.16 10:10:06.088,0.72197,0.72224,2.25,1.13
2012.05.16 10:10:06.822,0.72197,0.72224,2.25,1.13
2012.05.16 10:10:08.521,0.72197,0.72224,2.25,1.13
2012.05.16 10:10:09.134,0.72197,0.72223,2.25,1.13
2012.05.16 10:10:09.302,0.72197,0.72224,2.25,1.13
2012.05.16 10:10:10.167,0.72196,0.72224,2.25,1.13
2012.05.16 10:10:10.619,0.72194,0.72222,2.25,2.25
2012.05.16 10:10:11.939,0.72194,0.72222,2.25,3.00
2012.05.16 10:10:12.220,0.72194,0.72222,2.25,2.25
2012.05.16 10:10:12.590,0.72196,0.72223,2.25,1.13
2012.05.16 10:10:17.109,0.72196,0.72223,2.25,1.13
2012.05.16 10:10:17.538,0.72199,0.72221,2.25,1.35
2012.05.16 10:10:17.918,0.72199,0.72223,2.25,3.38
2012.05.16 10:10:18.365,0.72199,0.72223,2.25,3.38
2012.05.16 10:10:18.669,0.72199,0.72214,2.25,1.13
2012.05.16 10:10:18.729,0.72194,0.72214,2.25,1.13
2012.05.16 10:10:18.789,0.72186,0.72214,2.25,1.13
2012.05.16 10:10:18.849,0.72186,0.72213,2.25,1.13
2012.05.16 10:10:19.041,0.72184,0.7221,2.25,2.63
2012.05.16 10:10:19.422,0.72184,0.7221,3.00,2.63
2012.05.16 10:10:19.599,0.72187,0.72215,2.25,2.63
2012.05.16 10:10:20.182,0.72186,0.72216,3.00,2.63
2012.05.16 10:10:20.479,0.72188,0.72212,2.25,1.35
2012.05.16 10:10:20.539,0.72181,0.72205,3.00,2.25
2012.05.16 10:10:20.739,0.72189,0.72213,2.25,1.73
2012.05.16 10:10:20.918,0.72189,0.72215,2.25,2.25
2012.05.16 10:10:20.978,0.72195,0.72219,2.25,3.38
2012.05.16 10:10:21.140,0.72192,0.72219,2.25,3.38
2012.05.16 10:10:21.198,0.72192,0.72219,2.25,3.38
2012.05.16 10:10:21.598,0.72195,0.72219,2.25,3.38
2012.05.16 10:10:21.949,0.72195,0.72213,2.25,2.48
2012.05.16 10:10:22.008,0.7218,0.72206,2.25,2.63
2012.05.16 10:10:22.428,0.7218,0.72206,3.00,2.63
2012.05.16 10:10:22.608,0.72185,0.72211,2.25,2.25
2012.05.16 10:10:23.391,0.72185,0.72211,2.25,3.00
2012.05.16 10:10:23.828,0.72181,0.72205,3.00,2.25
2012.05.16 10:10:24.452,0.72181,0.72206,3.00,2.63
2012.05.16 10:10:25.101,0.72181,0.72207,3.00,2.25
2012.05.16 10:10:25.635,0.72181,0.72206,3.00,2.25
2012.05.16 10:10:26.621,0.7218,0.72207,3.00,2.25
2012.05.16 10:10:27.391,0.7218,0.72207,3.00,2.25
2012.05.16 10:10:27.742,0.7219,0.72216,2.25,3.38
2012.05.16 10:10:28.165,0.72194,0.72216,2.25,1.13
2012.05.16 10:10:28.231,0.72194,0.72218,2.25,3.00
2012.05.16 10:10:28.470,0.72192,0.72219,2.25,3.60
2012.05.16 10:10:28.828,0.72186,0.72214,2.25,3.38
2012.05.16 10:10:28.969,0.72192,0.72218,2.25,3.00
2012.05.16 10:10:31.382,0.72192,0.72214,2.25,1.50
2012.05.16 10:10:31.499,0.72179,0.72203,2.25,3.00
2012.05.16 10:10:31.562,0.72179,0.72203,2.25,3.00
2012.05.16 10:10:31.779,0.72179,0.72203,2.63,2.25
2012.05.16 10:10:31.838,0.72185,0.72212,2.25,1.35
2012.05.16 10:10:32.661,0.72185,0.72209,2.25,1.13
2012.05.16 10:10:33.019,0.72179,0.72203,2.25,2.25
2012.05.16 10:10:33.243,0.72177,0.72203,2.25,2.25
2012.05.16 10:10:33.478,0.72177,0.72203,2.25,2.63
2012.05.16 10:10:33.599,0.72174,0.72198,2.25,2.25
2012.05.16 10:10:33.718,0.72171,0.72198,2.25,2.25
2012.05.16 10:10:34.068,0.72171,0.72198,2.63,2.25
2012.05.16 10:10:34.131,0.7218,0.72207,2.25,2.63
2012.05.16 10:10:34.569,0.72178,0.72206,2.63,2.25
2012.05.16 10:10:34.690,0.72184,0.7221,2.25,3.00
2012.05.16 10:10:35.672,0.72184,0.7221,2.25,3.38
2012.05.16 10:10:35.905,0.72184,0.7221,2.25,3.38
2012.05.16 10:10:36.029,0.72184,0.72208,2.25,2.63
2012.05.16 10:10:36.149,0.72181,0.72205,2.25,2.25
2012.05.16 10:10:36.698,0.7218,0.72206,3.00,2.25
2012.05.16 10:10:36.869,0.72182,0.72212,2.25,3.23
2012.05.16 10:10:38.144,0.72182,0.72212,2.25,3.23
2012.05.16 10:10:38.293,0.72184,0.72212,2.25,2.63
2012.05.16 10:10:38.792,0.72184,0.72212,2.25,3.38
2012.05.16 10:10:39.851,0.72186,0.72211,2.25,1.13
2012.05.16 10:10:40.954,0.72185,0.72213,2.25,3.38
2012.05.16 10:10:41.480,0.72184,0.72213,2.25,1.13
2012.05.16 10:10:41.793,0.72184,0.72211,2.25,1.13
2012.05.16 10:10:41.848,0.7218,0.7221,2.25,3.00
2012.05.16 10:10:42.069,0.72183,0.72213,2.25,3.38
2012.05.16 10:10:42.379,0.72181,0.7221,2.25,1.13
2012.05.16 10:10:42.439,0.72181,0.72211,3.00,2.63
2012.05.16 10:10:42.499,0.72183,0.72213,2.25,3.38
2012.05.16 10:10:42.563,0.72183,0.72213,2.25,3.38
2012.05.16 10:10:43.002,0.72187,0.72213,2.25,1.35
2012.05.16 10:10:43.445,0.72187,0.72214,2.25,3.38
2012.05.16 10:10:43.509,0.72188,0.72213,2.25,3.00
2012.05.16 10:10:43.840,0.72188,0.72213,2.25,3.00
2012.05.16 10:10:43.898,0.72188,0.72213,2.25,3.00
2012.05.16 10:10:44.058,0.72188,0.72212,2.25,2.25
2012.05.16 10:10:44.988,0.72188,0.72212,2.25,2.63
2012.05.16 10:10:45.048,0.72182,0.72208,2.25,2.25
2012.05.16 10:10:45.153,0.72182,0.72208,3.00,2.25
2012.05.16 10:10:45.278,0.72188,0.72212,2.25,2.25
2012.05.16 10:10:46.278,0.72188,0.72212,2.25,3.38
2012.05.16 10:10:46.471,0.72188,0.72212,2.25,2.63
2012.05.16 10:10:47.272,0.7219,0.72218,2.25,3.23
2012.05.16 10:10:48.018,0.72196,0.72222,2.25,3.38
2012.05.16 10:10:48.249,0.72189,0.72219,2.25,3.38
2012.05.16 10:10:48.883,0.72192,0.72219,2.25,1.13
2012.05.16 10:10:49.113,0.7219,0.72219,2.25,1.13
2012.05.16 10:10:49.612,0.72191,0.72219,2.25,3.38
2012.05.16 10:10:49.848,0.72183,0.72209,2.25,2.25
2012.05.16 10:10:52.428,0.72188,0.72213,2.25,2.25
2012.05.16 10:10:56.418,0.72188,0.72213,2.25,3.00
2012.05.16 10:10:56.598,0.72182,0.72208,2.25,2.63
2012.05.16 10:10:56.899,0.72187,0.72213,2.25,3.00
2012.05.16 10:10:56.959,0.72187,0.72213,2.25,2.63
2012.05.16 10:10:59.000,0.72187,0.72213,2.25,2.63
2012.05.16 10:11:01.718,0.72188,0.72213,2.25,2.63
2012.05.16 10:11:01.949,0.72187,0.72213,2.25,2.63
2012.05.16 10:11:03.562,0.72187,0.72211,2.25,2.63
2012.05.16 10:11:03.868,0.72183,0.72207,2.25,2.63
2012.05.16 10:11:03.929,0.72181,0.72207,2.25,2.63
2012.05.16 10:11:03.988,0.72181,0.72207,2.25,2.25
2012.05.16 10:11:04.049,0.72186,0.7221,2.25,1.13
2012.05.16 10:11:04.594,0.72184,0.7221,2.25,1.13
2012.05.16 10:11:05.122,0.72185,0.72211,2.25,2.63
2012.05.16 10:11:05.459,0.72185,0.7221,2.25,1.13
2012.05.16 10:11:05.890,0.72185,0.72211,2.25,2.63
2012.05.16 10:11:06.393,0.72185,0.7221,2.25,1.13
2012.05.16 10:11:06.578,0.72181,0.72206,2.25,2.63
2012.05.16 10:11:06.819,0.72186,0.7221,2.25,3.38
2012.05.16 10:11:09.270,0.72187,0.7221,2.25,1.13
2012.05.16 10:11:09.528,0.72189,0.72213,2.25,2.63
2012.05.16 10:11:09.595,0.72189,0.72213,2.25,3.38
2012.05.16 10:11:09.910,0.72191,0.72214,2.25,1.13
2012.05.16 10:11:09.969,0.72191,0.72209,2.25,1.13
2012.05.16 10:11:10.088,0.72186,0.72209,2.25,1.13
2012.05.16 10:11:10.900,0.72186,0.72209,2.25,1.13
2012.05.16 10:11:11.139,0.7218,0.72206,2.25,3.38
2012.05.16 10:11:11.392,0.7218,0.72206,2.25,2.63
2012.05.16 10:11:11.599,0.72183,0.72209,2.25,1.35
2012.05.16 10:11:12.149,0.72184,0.7221,2.25,2.63
2012.05.16 10:11:12.845,0.72186,0.72213,2.25,3.38
2012.05.16 10:11:13.050,0.72186,0.72213,2.25,3.38
2012.05.16 10:11:13.113,0.72186,0.72213,2.25,3.38
2012.05.16 10:11:13.331,0.72186,0.72213,2.25,2.63
2012.05.16 10:11:13.858,0.72187,0.72213,2.25,2.63
2012.05.16 10:11:14.128,0.72186,0.72213,2.25,3.38
2012.05.16 10:11:14.428,0.72182,0.72207,2.25,1.13
2012.05.16 10:11:14.548,0.72179,0.72203,2.25,3.38
2012.05.16 10:11:14.768,0.72183,0.72206,2.25,1.13
2012.05.16 10:11:14.828,0.72183,0.72208,2.25,2.63
2012.05.16 10:11:14.931,0.72183,0.72208,2.25,3.00
2012.05.16 10:11:14.988,0.72178,0.72204,2.25,2.63
2012.05.16 10:11:15.142,0.72178,0.72204,2.25,2.25
2012.05.16 10:11:15.337,0.72181,0.72209,2.25,3.38
2012.05.16 10:11:15.971,0.72181,0.72206,2.25,1.13
2012.05.16 10:11:16.734,0.7218,0.72206,2.25,1.13
2012.05.16 10:11:20.111,0.7218,0.72206,2.25,1.13
2012.05.16 10:11:20.289,0.72173,0.72197,2.25,2.25
2012.05.16 10:11:20.409,0.72173,0.72197,3.00,2.25
2012.05.16 10:11:20.529,0.72183,0.7221,2.25,3.38
2012.05.16 10:11:20.729,0.72183,0.72205,2.25,1.13
2012.05.16 10:11:20.803,0.7218,0.72204,2.25,3.00
2012.05.16 10:11:21.048,0.72184,0.72209,2.25,3.38
2012.05.16 10:11:21.478,0.72177,0.72205,2.63,3.00
2012.05.16 10:11:21.891,0.72177,0.72205,2.25,3.38
2012.05.16 10:11:22.118,0.72175,0.72205,2.25,3.38
2012.05.16 10:11:22.237,0.72177,0.72207,2.25,3.38
2012.05.16 10:11:22.593,0.72184,0.72206,2.25,1.13
2012.05.16 10:11:22.814,0.72179,0.72206,2.25,1.13
2012.05.16 10:11:23.242,0.72181,0.72206,2.25,1.13
2012.05.16 10:11:23.365,0.72179,0.72206,2.25,1.13
2012.05.16 10:11:23.585,0.72182,0.72209,2.25,1.13
2012.05.16 10:11:24.501,0.72179,0.72209,2.25,3.38
2012.05.16 10:11:24.559,0.72179,0.72209,2.25,3.38
2012.05.16 10:11:24.631,0.72179,0.72209,2.25,3.38
2012.05.16 10:11:25.022,0.72181,0.72209,2.25,3.38
2012.05.16 10:11:25.459,0.72181,0.72209,2.25,1.13
2012.05.16 10:11:27.958,0.7218,0.72207,2.25,1.13
2012.05.16 10:11:29.928,0.72181,0.72207,2.25,1.13
2012.05.16 10:11:35.881,0.72178,0.72203,2.25,1.13
2012.05.16 10:11:37.210,0.72179,0.72203,2.25,3.38
2012.05.16 10:11:37.268,0.72175,0.72201,2.25,2.63
2012.05.16 10:11:38.916,0.72176,0.72202,2.25,2.63
2012.05.16 10:11:39.677,0.72176,0.72202,2.25,2.63
2012.05.16 10:11:39.898,0.72178,0.72203,2.25,1.13
2012.05.16 10:11:41.461,0.72178,0.72204,2.25,3.38
2012.05.16 10:11:44.130,0.72179,0.72204,2.25,3.38
2012.05.16 10:11:44.924,0.72177,0.72201,2.25,2.25
2012.05.16 10:11:45.221,0.72177,0.72203,3.00,2.25
2012.05.16 10:11:45.470,0.72179,0.72203,2.25,2.25
2012.05.16 10:11:45.788,0.7218,0.72204,2.63,2.25
2012.05.16 10:11:45.848,0.72181,0.72208,2.63,3.00
2012.05.16 10:11:45.908,0.72185,0.72213,2.25,1.13
2012.05.16 10:11:46.389,0.72185,0.72215,2.63,3.00
2012.05.16 10:11:46.448,0.72185,0.72215,3.00,3.00
2012.05.16 10:11:47.358,0.72198,0.72219,2.25,1.13
2012.05.16 10:11:47.441,0.72198,0.72219,2.25,1.13
2012.05.16 10:11:47.539,0.72194,0.72218,2.25,2.25
2012.05.16 10:11:47.659,0.72195,0.72219,2.25,3.38
2012.05.16 10:11:48.414,0.72193,0.72219,2.25,3.38
2012.05.16 10:11:48.652,0.72193,0.72219,2.25,3.38
2012.05.16 10:11:49.130,0.72193,0.72219,2.25,3.38
2012.05.16 10:11:49.679,0.72195,0.72219,2.25,3.38
2012.05.16 10:11:51.109,0.72195,0.72219,2.25,3.38
2012.05.16 10:11:51.858,0.72197,0.72224,2.25,1.73
2012.05.16 10:11:52.668,0.72197,0.72224,2.25,1.13
2012.05.16 10:11:54.039,0.72193,0.72218,2.25,1.13
2012.05.16 10:11:54.479,0.72197,0.72228,2.25,1.13
2012.05.16 10:11:54.630,0.72197,0.72229,2.25,1.13
2012.05.16 10:11:54.688,0.72197,0.72232,2.63,1.13
2012.05.16 10:11:55.141,0.72204,0.72232,2.25,1.13
2012.05.16 10:11:55.199,0.72204,0.72233,2.25,1.13
2012.05.16 10:11:56.088,0.72204,0.72232,2.25,1.13
2012.05.16 10:11:56.501,0.72204,0.72234,2.25,3.38
2012.05.16 10:11:57.668,0.72211,0.72234,2.25,1.13
2012.05.16 10:11:58.099,0.72211,0.72229,2.25,1.13
2012.05.16 10:11:58.158,0.72205,0.72229,2.25,1.13
2012.05.16 10:11:58.280,0.722,0.72228,3.38,2.25
2012.05.16 10:11:58.380,0.72205,0.72231,2.25,2.25
2012.05.16 10:11:59.342,0.72207,0.72231,2.25,2.25
2012.05.16 10:12:05.043,0.72207,0.72231,2.25,3.00
2012.05.16 10:12:07.450,0.72207,0.72233,2.25,3.38
2012.05.16 10:12:11.302,0.72207,0.72233,2.25,3.38
2012.05.16 10:12:12.537,0.72206,0.72232,2.25,2.63
2012.05.16 10:12:13.752,0.72207,0.72233,2.25,3.38
2012.05.16 10:12:14.532,0.72208,0.72232,2.25,2.63
2012.05.16 10:12:14.729,0.72209,0.72235,2.25,3.38
2012.05.16 10:12:15.179,0.72211,0.72235,2.25,3.00
2012.05.16 10:12:16.011,0.72213,0.72237,2.25,3.38
2012.05.16 10:12:16.199,0.72211,0.72237,2.25,3.38
2012.05.16 10:12:18.910,0.72213,0.72237,2.25,3.38
2012.05.16 10:12:19.961,0.72213,0.72237,2.25,1.13
2012.05.16 10:12:20.019,0.72213,0.72238,2.25,1.13
2012.05.16 10:12:20.079,0.72216,0.72238,2.25,1.13
2012.05.16 10:12:20.139,0.72216,0.72238,2.25,1.13
2012.05.16 10:12:20.199,0.72216,0.72238,2.25,1.13
2012.05.16 10:12:20.409,0.72208,0.72234,2.25,3.38
2012.05.16 10:12:20.917,0.7221,0.72234,2.25,3.38
2012.05.16 10:12:21.608,0.7221,0.72234,2.25,3.38
2012.05.16 10:12:23.646,0.7221,0.72234,2.25,3.38
2012.05.16 10:12:24.206,0.72209,0.72234,2.25,1.13
2012.05.16 10:12:25.348,0.7221,0.72236,2.25,3.38
2012.05.16 10:12:25.618,0.7221,0.72233,2.25,1.13
2012.05.16 10:12:26.014,0.7221,0.72234,2.25,1.50
2012.05.16 10:12:26.434,0.7221,0.72234,2.25,1.73
2012.05.16 10:12:26.558,0.72201,0.72227,3.00,2.25
2012.05.16 10:12:26.750,0.72206,0.72234,2.25,3.98
2012.05.16 10:12:29.479,0.72206,0.72234,2.25,3.38
2012.05.16 10:12:30.498,0.72205,0.72234,2.25,1.13
2012.05.16 10:12:30.583,0.72203,0.72233,2.25,2.63
2012.05.16 10:12:30.926,0.72207,0.72234,2.25,1.13
2012.05.16 10:12:31.479,0.72206,0.72234,2.25,3.38
2012.05.16 10:12:33.770,0.72207,0.72234,2.25,1.13
2012.05.16 10:12:34.339,0.72207,0.72234,2.25,1.13
2012.05.16 10:12:34.663,0.72205,0.72234,2.25,1.13
2012.05.16 10:12:34.761,0.72205,0.72234,2.25,1.13
2012.05.16 10:12:34.819,0.72203,0.72233,2.25,3.00
2012.05.16 10:12:35.469,0.72203,0.72233,2.25,3.00
2012.05.16 10:12:35.534,0.722,0.7223,2.63,2.25
2012.05.16 10:12:35.658,0.72202,0.72236,1.13,1.13
2012.05.16 10:12:35.718,0.72202,0.72239,1.13,3.38
2012.05.16 10:12:36.177,0.72211,0.72239,2.25,1.13
2012.05.16 10:12:37.693,0.72211,0.72239,2.25,1.13
2012.05.16 10:12:38.042,0.72207,0.72235,2.63,3.00
2012.05.16 10:12:38.213,0.72207,0.72235,3.38,2.25
2012.05.16 10:12:38.718,0.72212,0.72237,2.25,3.00
2012.05.16 10:12:39.251,0.72213,0.72243,2.25,3.38
2012.05.16 10:12:39.351,0.72213,0.72243,2.25,3.38
2012.05.16 10:12:39.470,0.72215,0.72243,2.25,3.38
2012.05.16 10:12:40.220,0.72215,0.72243,2.25,3.38
2012.05.16 10:12:41.000,0.72215,0.72243,2.25,3.38
2012.05.16 10:12:41.670,0.72216,0.72243,2.25,1.13
2012.05.16 10:12:42.168,0.72214,0.72244,2.25,3.38
2012.05.16 10:12:42.698,0.72214,0.72242,2.25,3.00
2012.05.16 10:12:42.786,0.72212,0.72242,2.25,3.00
2012.05.16 10:12:42.871,0.72212,0.72242,2.25,2.25
2012.05.16 10:12:42.929,0.72212,0.72242,2.25,2.63
2012.05.16 10:12:43.249,0.72212,0.7224,2.25,2.63
2012.05.16 10:12:43.698,0.72209,0.72237,2.25,2.63
2012.05.16 10:12:43.758,0.72209,0.72237,2.63,2.25
2012.05.16 10:12:43.893,0.72217,0.72245,2.25,3.00
2012.05.16 10:12:44.180,0.72217,0.72245,2.25,3.00
2012.05.16 10:12:50.132,0.72217,0.72245,2.25,3.00
2012.05.16 10:12:51.122,0.72217,0.72245,2.25,3.00
2012.05.16 10:12:52.616,0.72218,0.72246,2.25,3.38
2012.05.16 10:12:53.760,0.72216,0.72246,2.25,3.38
2012.05.16 10:12:56.729,0.72218,0.72246,2.25,3.38
2012.05.16 10:12:57.364,0.72217,0.72245,2.25,3.38
2012.05.16 10:12:57.430,0.72213,0.72242,2.25,3.38
2012.05.16 10:12:57.488,0.72213,0.72242,2.25,3.38
2012.05.16 10:12:57.608,0.72213,0.72242,2.25,2.63
2012.05.16 10:12:57.731,0.72215,0.72243,2.25,2.63
2012.05.16 10:12:58.209,0.72217,0.72244,2.25,1.13
2012.05.16 10:12:58.329,0.72217,0.72244,2.25,1.13
2012.05.16 10:12:58.664,0.72217,0.72244,2.25,1.13
2012.05.16 10:13:03.007,0.72214,0.72239,2.25,1.13
2012.05.16 10:13:06.741,0.72214,0.72238,2.25,2.25
2012.05.16 10:13:09.377,0.72216,0.72243,2.25,1.13
2012.05.16 10:13:09.581,0.72216,0.72243,2.25,1.13
2012.05.16 10:13:10.039,0.72216,0.72244,2.25,3.00
2012.05.16 10:13:10.420,0.72224,0.7225,2.25,1.13
2012.05.16 10:13:11.218,0.72224,0.7225,2.25,1.13
2012.05.16 10:13:11.280,0.72221,0.72248,2.25,1.13
2012.05.16 10:13:11.358,0.72217,0.72247,3.00,2.25
2012.05.16 10:13:11.419,0.72217,0.72247,3.00,3.00
2012.05.16 10:13:11.598,0.72228,0.72256,2.25,3.00
2012.05.16 10:13:12.001,0.72229,0.72249,2.25,1.13
2012.05.16 10:13:12.179,0.72221,0.72247,2.25,1.13
2012.05.16 10:13:13.447,0.72219,0.72247,2.25,3.00
2012.05.16 10:13:13.703,0.72219,0.72247,2.25,2.25
2012.05.16 10:13:13.994,0.72219,0.72247,2.25,3.00
2012.05.16 10:13:14.060,0.72217,0.72246,2.25,1.13
2012.05.16 10:13:16.092,0.72217,0.72247,2.25,2.63
2012.05.16 10:13:16.869,0.72217,0.72247,2.25,2.63
2012.05.16 10:13:16.928,0.72217,0.72247,2.25,3.38
2012.05.16 10:13:17.305,0.72219,0.72247,2.25,3.38
2012.05.16 10:13:17.537,0.72217,0.72247,2.25,3.38
2012.05.16 10:13:18.728,0.72217,0.72247,3.00,2.25
2012.05.16 10:13:18.841,0.72224,0.7225,2.25,3.38
2012.05.16 10:13:18.958,0.72224,0.7225,2.25,2.63
2012.05.16 10:13:19.174,0.72224,0.7225,2.25,3.38
2012.05.16 10:13:19.501,0.72226,0.72253,2.25,1.73
2012.05.16 10:13:23.924,0.72226,0.72254,2.25,3.98
2012.05.16 10:13:25.990,0.7223,0.72256,2.25,1.13
2012.05.16 10:13:26.048,0.72228,0.72256,2.25,1.13
2012.05.16 10:13:26.107,0.72228,0.72258,2.25,3.38
2012.05.16 10:13:26.168,0.72228,0.72256,2.25,1.13
2012.05.16 10:13:26.798,0.72228,0.72254,2.25,3.98
2012.05.16 10:13:26.918,0.7222,0.7225,2.25,2.63
2012.05.16 10:13:28.373,0.72219,0.72249,2.25,3.38
2012.05.16 10:13:28.766,0.72219,0.72247,2.25,1.13
2012.05.16 10:13:28.829,0.72216,0.72244,2.25,3.38
2012.05.16 10:13:29.391,0.72217,0.72247,2.25,2.63
2012.05.16 10:13:29.449,0.72217,0.72247,2.25,2.63
2012.05.16 10:13:29.969,0.72217,0.72246,2.25,1.13
2012.05.16 10:13:32.174,0.72217,0.72247,3.00,2.63
2012.05.16 10:13:32.843,0.72217,0.72246,2.25,1.13
2012.05.16 10:13:33.054,0.72217,0.72247,2.25,2.63
2012.05.16 10:13:33.251,0.72219,0.72247,2.25,2.63
2012.05.16 10:13:33.591,0.72221,0.72249,2.25,3.38
2012.05.16 10:13:34.131,0.72221,0.72247,2.25,1.13
2012.05.16 10:13:34.878,0.7222,0.72247,2.25,1.13
2012.05.16 10:13:35.187,0.72222,0.72249,2.25,1.13
2012.05.16 10:13:35.453,0.7222,0.72249,2.25,1.13
2012.05.16 10:13:35.567,0.7222,0.72247,2.25,1.13
2012.05.16 10:13:35.629,0.72218,0.72246,2.25,3.00
2012.05.16 10:13:35.838,0.72216,0.72244,2.25,3.00
2012.05.16 10:13:36.454,0.72215,0.72245,3.00,2.63
2012.05.16 10:13:36.519,0.72215,0.72245,3.00,2.25
2012.05.16 10:13:36.577,0.72223,0.72247,2.25,2.25
2012.05.16 10:13:37.099,0.72222,0.7225,2.25,2.25
2012.05.16 10:13:37.158,0.7222,0.7225,2.25,2.25
2012.05.16 10:13:37.558,0.72228,0.72254,2.25,3.38
2012.05.16 10:13:37.858,0.7223,0.72256,2.25,2.63
2012.05.16 10:13:38.223,0.72233,0.72258,2.25,3.38
2012.05.16 10:13:38.730,0.72231,0.72257,2.25,2.63
2012.05.16 10:13:38.963,0.72231,0.72256,2.25,1.13
2012.05.16 10:13:39.539,0.72233,0.72257,2.25,3.38
2012.05.16 10:13:40.846,0.72232,0.72257,2.25,1.13
2012.05.16 10:13:42.034,0.72233,0.72257,2.25,1.13
2012.05.16 10:13:42.712,0.72234,0.72257,2.25,1.13
2012.05.16 10:13:43.047,0.72231,0.72256,2.25,1.13
2012.05.16 10:13:43.107,0.72233,0.72256,2.25,1.13
2012.05.16 10:13:43.420,0.72233,0.72257,2.25,2.63
2012.05.16 10:13:43.600,0.7223,0.72256,2.25,2.63
2012.05.16 10:13:43.658,0.7223,0.72256,2.25,3.38
2012.05.16 10:13:44.091,0.7223,0.72256,2.25,2.63
2012.05.16 10:13:44.410,0.7223,0.72255,2.25,3.00
2012.05.16 10:13:45.462,0.72231,0.72256,2.25,1.13
2012.05.16 10:13:45.733,0.7223,0.72255,2.25,2.25
2012.05.16 10:13:45.791,0.7223,0.72255,2.25,3.00
2012.05.16 10:13:46.283,0.7223,0.72255,2.25,2.25
2012.05.16 10:13:46.893,0.7223,0.72255,2.25,3.38
2012.05.16 10:13:47.643,0.7223,0.72256,2.25,2.63
2012.05.16 10:13:47.709,0.7223,0.72255,2.25,3.00
2012.05.16 10:13:48.300,0.72231,0.72255,2.25,3.00
2012.05.16 10:13:48.648,0.72229,0.72256,2.25,3.38
2012.05.16 10:13:49.383,0.7223,0.72255,2.25,3.00
2012.05.16 10:13:49.618,0.72232,0.72256,2.25,2.63
2012.05.16 10:13:49.678,0.7223,0.72256,2.25,3.38
2012.05.16 10:13:49.748,0.7223,0.72256,2.25,2.63
2012.05.16 10:13:50.193,0.7223,0.72256,2.25,3.38
2012.05.16 10:13:50.735,0.72229,0.72255,2.25,1.13
2012.05.16 10:13:51.573,0.7223,0.72254,2.25,3.00
2012.05.16 10:13:52.310,0.72229,0.72255,2.25,3.38
2012.05.16 10:13:54.462,0.72227,0.72253,2.25,3.00
2012.05.16 10:13:55.332,0.7223,0.72255,2.25,3.60
2012.05.16 10:13:59.148,0.7223,0.72255,2.25,2.25
2012.05.16 10:13:59.348,0.72233,0.72257,2.25,2.25
2012.05.16 10:13:59.859,0.72233,0.72257,2.25,3.00
2012.05.16 10:14:00.070,0.72233,0.72258,2.25,3.00
2012.05.16 10:14:00.188,0.72235,0.72259,2.25,3.00
2012.05.16 10:14:00.504,0.72232,0.72257,2.25,2.25
2012.05.16 10:14:00.688,0.72232,0.72258,2.25,3.00
2012.05.16 10:14:01.048,0.72229,0.72253,2.25,3.38
2012.05.16 10:14:01.884,0.72229,0.72253,2.25,3.38
2012.05.16 10:14:02.158,0.72221,0.72249,2.25,3.38
2012.05.16 10:14:02.418,0.72219,0.72248,2.25,1.13
2012.05.16 10:14:02.928,0.72218,0.72246,2.25,2.25
2012.05.16 10:14:03.629,0.72218,0.72246,2.25,2.63
2012.05.16 10:14:04.195,0.72217,0.72245,2.25,3.38
2012.05.16 10:14:09.928,0.72215,0.72244,2.25,1.13
2012.05.16 10:14:10.108,0.72214,0.72244,3.00,2.63
2012.05.16 10:14:12.348,0.72214,0.72244,2.25,3.38
2012.05.16 10:14:12.407,0.72214,0.72243,2.25,1.13
2012.05.16 10:14:13.273,0.72215,0.72243,2.25,1.13
2012.05.16 10:14:13.753,0.72215,0.72243,2.25,1.13
2012.05.16 10:14:14.833,0.72214,0.72243,2.25,1.13
2012.05.16 10:14:16.968,0.72214,0.72244,3.60,2.25
2012.05.16 10:14:17.723,0.7222,0.72249,2.25,1.13
2012.05.16 10:14:19.940,0.7222,0.72249,2.25,1.13
2012.05.16 10:14:20.570,0.72219,0.72249,2.25,3.38
2012.05.16 10:14:21.208,0.72219,0.72249,2.25,3.38
2012.05.16 10:14:21.268,0.72217,0.72245,2.25,3.00
2012.05.16 10:14:22.761,0.72215,0.72243,2.25,1.13
2012.05.16 10:14:24.400,0.72217,0.72245,2.25,3.38
2012.05.16 10:14:25.626,0.72218,0.72244,2.25,1.13
2012.05.16 10:14:27.428,0.72217,0.72244,2.25,1.13
2012.05.16 10:14:28.161,0.72219,0.72244,2.25,1.13
2012.05.16 10:14:28.276,0.72217,0.72243,2.25,3.00
2012.05.16 10:14:28.578,0.72217,0.72243,2.25,3.38
2012.05.16 10:14:28.639,0.72217,0.72243,2.25,2.63
2012.05.16 10:14:28.949,0.72221,0.72246,2.25,1.13
2012.05.16 10:14:29.069,0.7221,0.72236,2.25,2.25
2012.05.16 10:14:29.151,0.7221,0.72236,2.25,3.00
2012.05.16 10:14:29.299,0.72208,0.72237,2.25,1.13
2012.05.16 10:14:33.228,0.72208,0.72238,2.25,3.38
2012.05.16 10:14:33.327,0.72212,0.72236,2.25,2.63
2012.05.16 10:14:33.808,0.72222,0.72245,2.25,1.13
2012.05.16 10:14:34.640,0.72223,0.72244,2.25,1.13
2012.05.16 10:14:34.768,0.72217,0.72244,2.25,1.13
2012.05.16 10:14:35.050,0.72217,0.72244,2.25,1.13
2012.05.16 10:14:35.239,0.72212,0.72242,2.25,3.00
2012.05.16 10:14:37.822,0.72211,0.7224,2.25,1.13
2012.05.16 10:14:46.282,0.72211,0.72241,2.25,2.63
2012.05.16 10:14:47.453,0.72211,0.7224,2.25,1.13
2012.05.16 10:14:50.810,0.72207,0.72239,1.13,1.13
2012.05.16 10:14:51.411,0.72206,0.72244,1.35,1.50
2012.05.16 10:14:51.671,0.72206,0.72239,1.35,1.13
2012.05.16 10:14:53.478,0.72206,0.72238,1.35,1.13
2012.05.16 10:14:53.599,0.72209,0.72237,2.25,2.63
2012.05.16 10:14:54.142,0.72209,0.72237,3.00,2.63
2012.05.16 10:14:54.199,0.72209,0.72237,2.25,2.63
2012.05.16 10:14:54.259,0.72209,0.72237,3.00,2.63
2012.05.16 10:14:54.688,0.72209,0.72237,2.25,2.25
2012.05.16 10:14:54.807,0.7221,0.72243,2.25,1.13
2012.05.16 10:14:54.867,0.7221,0.72243,3.00,1.13
2012.05.16 10:14:55.191,0.72219,0.72245,2.25,1.13
2012.05.16 10:14:55.731,0.72219,0.72247,2.25,2.63
2012.05.16 10:14:56.382,0.72219,0.72247,2.25,2.25
2012.05.16 10:14:56.441,0.72219,0.72247,2.25,3.00
2012.05.16 10:14:56.558,0.72219,0.72244,2.25,1.13
2012.05.16 10:14:56.619,0.72216,0.7224,2.25,3.00
2012.05.16 10:14:57.081,0.7221,0.72238,2.25,2.25
2012.05.16 10:14:57.869,0.7221,0.72239,2.25,1.13
2012.05.16 10:14:58.517,0.7221,0.72239,2.25,1.50
2012.05.16 10:14:58.600,0.72207,0.72234,2.25,2.63
2012.05.16 10:14:59.268,0.72208,0.72234,2.25,2.63
2012.05.16 10:15:02.559,0.72208,0.72234,2.25,3.38
2012.05.16 10:15:10.160,0.72208,0.72234,2.25,2.25
2012.05.16 10:15:10.764,0.72208,0.72233,2.25,2.25
2012.05.16 10:15:11.689,0.722,0.72234,1.13,1.13
2012.05.16 10:15:11.933,0.722,0.72238,1.13,1.13
2012.05.16 10:15:12.441,0.722,0.72234,1.13,1.13
2012.05.16 10:15:12.498,0.72202,0.72236,1.13,1.13
2012.05.16 10:15:12.890,0.72214,0.72236,2.25,1.13
2012.05.16 10:15:13.219,0.72213,0.72238,2.25,1.13
2012.05.16 10:15:13.349,0.72211,0.72237,2.25,2.63
2012.05.16 10:15:13.408,0.72211,0.72236,2.25,1.13
2012.05.16 10:15:13.528,0.72207,0.72231,2.25,2.25
2012.05.16 10:15:13.728,0.72205,0.7223,2.25,2.25
2012.05.16 10:15:14.410,0.72204,0.7223,2.25,2.25
2012.05.16 10:15:15.001,0.72204,0.7223,2.25,3.00
2012.05.16 10:15:24.599,0.72207,0.72231,2.25,3.00
2012.05.16 10:15:24.658,0.72207,0.72231,2.25,2.25
2012.05.16 10:15:24.778,0.72208,0.72233,2.25,2.25
2012.05.16 10:15:25.318,0.72207,0.72234,2.25,3.98
2012.05.16 10:15:25.442,0.72209,0.72233,2.25,2.25
2012.05.16 10:15:26.057,0.72208,0.72234,2.25,3.98
2012.05.16 10:15:26.983,0.72208,0.72233,2.25,2.25
2012.05.16 10:15:27.752,0.72209,0.72233,2.25,2.63
2012.05.16 10:15:28.199,0.72207,0.72234,2.25,3.98
2012.05.16 10:15:29.377,0.72207,0.72233,2.25,1.13
2012.05.16 10:15:29.690,0.72209,0.72233,2.25,3.38
2012.05.16 10:15:30.911,0.72209,0.72233,2.25,2.63
2012.05.16 10:15:31.051,0.72207,0.72231,2.25,2.25
2012.05.16 10:15:31.348,0.72205,0.72231,2.25,2.63
2012.05.16 10:15:32.368,0.72204,0.72231,2.25,3.38
2012.05.16 10:15:32.888,0.72199,0.72227,2.25,2.25
2012.05.16 10:15:35.580,0.72199,0.72229,2.25,2.63
2012.05.16 10:15:35.665,0.72199,0.72229,2.25,2.63
2012.05.16 10:15:36.240,0.722,0.72228,3.00,2.63
2012.05.16 10:15:37.708,0.722,0.72228,3.00,2.25
2012.05.16 10:15:37.828,0.72206,0.72232,2.25,2.63
2012.05.16 10:15:39.302,0.72209,0.72234,2.25,1.13
2012.05.16 10:15:39.418,0.72209,0.72236,2.25,1.13
2012.05.16 10:15:40.378,0.72208,0.72236,2.25,2.63
2012.05.16 10:15:40.663,0.72206,0.72234,3.00,2.63
2012.05.16 10:15:45.061,0.72213,0.72237,2.25,2.63
2012.05.16 10:15:49.796,0.72212,0.72237,2.25,2.63
2012.05.16 10:15:53.903,0.72212,0.72237,2.25,3.38
2012.05.16 10:15:56.020,0.72212,0.72234,2.25,1.13
2012.05.16 10:15:56.080,0.72205,0.72233,2.25,2.63
2012.05.16 10:15:56.139,0.72207,0.72234,2.25,1.13
2012.05.16 10:15:56.492,0.72204,0.72228,2.25,2.25
2012.05.16 10:15:56.844,0.72202,0.72228,3.00,2.25
2012.05.16 10:15:57.160,0.72204,0.72228,2.25,2.25
2012.05.16 10:15:59.470,0.72204,0.72229,2.25,1.13
2012.05.16 10:16:00.593,0.72204,0.72228,2.25,2.25
2012.05.16 10:16:01.894,0.72202,0.72228,3.00,2.25
2012.05.16 10:16:01.958,0.72204,0.72228,2.25,2.25
2012.05.16 10:16:02.571,0.72203,0.72227,2.25,2.63
2012.05.16 10:16:06.383,0.72203,0.72229,2.25,3.38
2012.05.16 10:16:09.286,0.72203,0.72229,2.25,3.38
2012.05.16 10:16:09.602,0.72205,0.72229,2.25,3.38
2012.05.16 10:16:10.250,0.72203,0.72227,2.25,2.63
2012.05.16 10:16:10.888,0.72204,0.72228,2.25,2.63
2012.05.16 10:16:13.611,0.72204,0.72228,2.25,2.63
2012.05.16 10:16:14.140,0.72203,0.72227,2.25,2.25
2012.05.16 10:16:15.321,0.72203,0.72229,2.25,3.38
2012.05.16 10:16:15.740,0.72203,0.72229,2.25,3.75
2012.05.16 10:16:15.799,0.72196,0.72224,3.00,2.63
2012.05.16 10:16:15.949,0.72199,0.72227,2.25,2.63
2012.05.16 10:16:16.013,0.72199,0.72227,2.25,2.63
2012.05.16 10:16:16.876,0.72198,0.72228,2.25,2.63
2012.05.16 10:16:17.428,0.72201,0.72229,2.25,3.38
2012.05.16 10:16:18.021,0.722,0.72228,2.25,2.63
2012.05.16 10:16:19.260,0.722,0.72228,2.25,2.63
2012.05.16 10:16:19.796,0.72201,0.72228,2.25,2.63
2012.05.16 10:16:20.068,0.72199,0.72229,2.25,3.38
2012.05.16 10:16:20.431,0.72199,0.72229,2.25,3.38
2012.05.16 10:16:20.749,0.72196,0.72225,2.25,1.13
2012.05.16 10:16:21.027,0.72196,0.72226,3.00,2.63
2012.05.16 10:16:21.248,0.72195,0.72225,3.00,2.63
2012.05.16 10:16:22.041,0.72196,0.72224,3.38,2.25
2012.05.16 10:16:22.159,0.72198,0.72228,2.25,2.25
2012.05.16 10:16:22.218,0.72201,0.72229,2.25,1.13
2012.05.16 10:16:23.030,0.722,0.7223,2.25,2.63
2012.05.16 10:16:23.344,0.722,0.7223,3.00,2.63
2012.05.16 10:16:25.588,0.722,0.7223,3.00,2.63
2012.05.16 10:16:30.423,0.72201,0.7223,1.13,2.25
2012.05.16 10:16:30.922,0.72207,0.72233,2.25,1.13
2012.05.16 10:16:31.441,0.72206,0.72232,2.25,2.63
2012.05.16 10:16:31.818,0.72199,0.72229,3.00,2.25
2012.05.16 10:16:31.878,0.72199,0.72229,3.00,2.63
2012.05.16 10:16:31.938,0.72199,0.72229,3.38,2.25
2012.05.16 10:16:32.011,0.72207,0.72231,2.25,2.63
2012.05.16 10:16:32.604,0.72204,0.7223,2.25,2.25
2012.05.16 10:16:32.669,0.72204,0.7223,2.25,3.00
2012.05.16 10:16:33.014,0.72206,0.72234,2.25,3.98
2012.05.16 10:16:33.100,0.72206,0.72234,2.25,3.98
2012.05.16 10:16:33.861,0.72205,0.72235,2.25,3.23
2012.05.16 10:16:34.826,0.72206,0.72236,2.25,2.63
2012.05.16 10:16:36.170,0.72206,0.72234,2.25,1.13
2012.05.16 10:16:36.894,0.72206,0.72233,2.25,1.13
2012.05.16 10:16:37.394,0.72205,0.72233,2.25,2.63
2012.05.16 10:16:37.523,0.72205,0.72233,2.25,2.63
2012.05.16 10:16:38.048,0.72204,0.72233,2.25,1.73
2012.05.16 10:16:39.249,0.72204,0.72233,2.25,1.73
2012.05.16 10:16:39.481,0.72204,0.72232,2.25,1.13
2012.05.16 10:16:39.838,0.72206,0.72232,2.25,1.13
2012.05.16 10:16:40.509,0.72206,0.72233,2.25,1.73
2012.05.16 10:16:40.998,0.72204,0.72234,2.25,3.23
2012.05.16 10:16:42.261,0.72202,0.72232,3.00,2.63
2012.05.16 10:16:42.440,0.72202,0.72232,2.25,3.38
2012.05.16 10:16:44.631,0.72202,0.72232,2.25,2.63
2012.05.16 10:16:44.692,0.72204,0.72234,2.25,3.98
2012.05.16 10:16:45.288,0.72204,0.72232,2.25,2.63
2012.05.16 10:16:45.453,0.72202,0.72232,3.00,2.63
2012.05.16 10:16:45.628,0.72198,0.72228,2.25,3.00
2012.05.16 10:16:45.748,0.722,0.72228,2.25,3.00
2012.05.16 10:16:46.132,0.722,0.72228,2.25,3.00
2012.05.16 10:16:46.189,0.722,0.72228,2.25,2.25
2012.05.16 10:16:46.249,0.72207,0.72231,2.25,3.38
2012.05.16 10:16:46.541,0.722,0.72228,2.25,2.63
2012.05.16 10:16:47.870,0.72199,0.72227,2.25,2.63
2012.05.16 10:16:48.001,0.72199,0.72226,2.25,1.13
2012.05.16 10:16:48.308,0.72196,0.72222,2.25,2.63
2012.05.16 10:16:48.469,0.72194,0.7222,2.25,2.25
2012.05.16 10:16:48.839,0.72194,0.7222,2.25,2.63
2012.05.16 10:16:49.625,0.72195,0.72219,2.25,2.63
2012.05.16 10:16:50.694,0.72194,0.7222,2.25,2.63
2012.05.16 10:16:53.981,0.72194,0.7222,2.25,2.63
2012.05.16 10:16:54.139,0.72194,0.7222,2.25,3.23
2012.05.16 10:16:54.317,0.72185,0.72223,1.13,3.23
2012.05.16 10:16:54.690,0.72194,0.72218,2.25,2.85
2012.05.16 10:16:54.921,0.72192,0.72218,2.25,2.85
2012.05.16 10:16:55.432,0.72193,0.72219,2.25,3.23
2012.05.16 10:16:55.971,0.72192,0.72218,2.25,3.23
2012.05.16 10:16:58.640,0.72192,0.72217,2.25,3.23
2012.05.16 10:17:01.751,0.72192,0.72216,2.25,2.25
2012.05.16 10:17:02.070,0.7219,0.72216,2.25,2.25
2012.05.16 10:17:02.712,0.72191,0.72217,2.25,3.23
2012.05.16 10:17:04.939,0.72191,0.72217,3.00,2.85
2012.05.16 10:17:05.224,0.72193,0.72223,2.25,3.38
2012.05.16 10:17:05.389,0.72192,0.72218,1.13,2.25
2012.05.16 10:17:05.638,0.72198,0.72228,2.25,3.38
2012.05.16 10:17:06.188,0.722,0.72228,2.25,3.38
2012.05.16 10:17:07.771,0.722,0.72228,2.25,3.38
2012.05.16 10:17:07.828,0.722,0.72228,2.25,3.38
2012.05.16 10:17:07.888,0.722,0.72228,2.25,3.38
2012.05.16 10:17:08.019,0.722,0.72228,2.25,3.38
2012.05.16 10:17:08.078,0.72195,0.72225,3.00,2.25
2012.05.16 10:17:08.440,0.72195,0.72223,3.00,2.25
2012.05.16 10:17:08.498,0.72195,0.72223,2.25,2.25
2012.05.16 10:17:08.870,0.72197,0.72231,1.13,2.63
2012.05.16 10:17:08.931,0.72204,0.72232,2.25,2.63
2012.05.16 10:17:09.683,0.7221,0.72236,2.25,2.25
2012.05.16 10:17:10.015,0.72212,0.7224,2.25,1.13
2012.05.16 10:17:10.665,0.72212,0.7224,2.25,3.38
2012.05.16 10:17:10.882,0.72212,0.72239,2.25,1.13
2012.05.16 10:17:11.402,0.72212,0.72239,2.25,1.13
2012.05.16 10:17:12.962,0.72214,0.7224,2.25,1.13
2012.05.16 10:17:13.630,0.72214,0.72242,2.25,2.63
2012.05.16 10:17:14.083,0.72214,0.72242,2.25,3.38
2012.05.16 10:17:14.759,0.72214,0.72242,2.25,3.38
2012.05.16 10:17:14.960,0.72211,0.72238,2.25,1.13
2012.05.16 10:17:15.399,0.72214,0.72238,2.25,1.13
2012.05.16 10:17:15.920,0.72216,0.7224,2.25,1.13
2012.05.16 10:17:16.361,0.72215,0.72243,2.25,2.63
2012.05.16 10:17:16.662,0.72215,0.72243,2.25,3.00
2012.05.16 10:17:16.782,0.72212,0.72238,2.25,2.63
2012.05.16 10:17:17.461,0.72212,0.72236,2.25,2.25
2012.05.16 10:17:18.284,0.72213,0.72237,2.25,2.63
2012.05.16 10:17:19.515,0.72213,0.72237,2.25,3.00
2012.05.16 10:17:19.912,0.72208,0.72234,2.25,3.00
2012.05.16 10:17:21.604,0.7221,0.72234,2.25,3.38
2012.05.16 10:17:21.999,0.72212,0.72236,2.25,2.25
2012.05.16 10:17:22.524,0.72205,0.72238,1.13,1.13
2012.05.16 10:17:22.738,0.72201,0.72237,1.73,1.13
2012.05.16 10:17:23.067,0.72201,0.72237,1.73,1.13
2012.05.16 10:17:23.286,0.72211,0.72235,2.25,3.00
2012.05.16 10:17:23.824,0.7221,0.72237,2.25,2.63
2012.05.16 10:17:24.319,0.7221,0.72236,2.25,3.00
2012.05.16 10:17:25.128,0.72208,0.72234,2.25,2.63
2012.05.16 10:17:25.881,0.72208,0.72233,2.25,2.25
2012.05.16 10:17:27.859,0.72208,0.72234,2.25,3.38
2012.05.16 10:17:29.292,0.72208,0.72233,2.25,2.25
2012.05.16 10:17:29.858,0.72207,0.72231,2.25,2.25
2012.05.16 10:17:29.988,0.72204,0.72231,2.25,2.25
2012.05.16 10:17:30.189,0.72204,0.7223,2.25,2.63
2012.05.16 10:17:30.398,0.72202,0.72228,2.25,2.63
2012.05.16 10:17:30.511,0.72201,0.72225,2.25,2.25
2012.05.16 10:17:30.629,0.72202,0.72228,2.25,2.63
2012.05.16 10:17:30.849,0.72201,0.72225,2.25,2.25
2012.05.16 10:17:31.954,0.72201,0.72227,2.25,2.63
2012.05.16 10:17:34.052,0.72201,0.72227,2.25,2.63
2012.05.16 10:17:34.577,0.722,0.72226,2.25,2.63
2012.05.16 10:17:34.699,0.72203,0.72229,2.25,2.63
2012.05.16 10:17:34.759,0.72201,0.72225,2.25,2.25
2012.05.16 10:17:36.661,0.72202,0.72226,2.25,2.63
2012.05.16 10:17:37.531,0.72202,0.72226,2.25,2.63
2012.05.16 10:17:38.984,0.72202,0.72226,2.25,2.63
2012.05.16 10:17:39.671,0.72201,0.72228,3.00,2.63
2012.05.16 10:17:40.259,0.72201,0.72228,3.00,2.63
2012.05.16 10:17:41.153,0.72203,0.72227,2.25,2.25
2012.05.16 10:17:42.549,0.72205,0.72229,2.25,2.63
2012.05.16 10:17:42.669,0.72206,0.72232,2.25,3.23
2012.05.16 10:17:43.328,0.72207,0.72233,2.25,1.73
2012.05.16 10:17:43.618,0.72207,0.72229,2.25,2.10
2012.05.16 10:17:43.860,0.72192,0.72216,2.25,2.85
2012.05.16 10:17:44.438,0.72185,0.72212,3.00,2.63
2012.05.16 10:17:44.871,0.72185,0.72212,2.25,2.63
2012.05.16 10:17:45.218,0.72189,0.72212,1.13,2.25
2012.05.16 10:17:45.398,0.72201,0.72224,2.25,1.13
2012.05.16 10:17:45.458,0.72201,0.72223,2.25,1.13
2012.05.16 10:17:45.578,0.72195,0.72221,2.25,3.38
2012.05.16 10:17:45.918,0.72195,0.72221,2.25,2.63
2012.05.16 10:17:46.178,0.72189,0.72223,3.00,1.13
2012.05.16 10:17:46.238,0.72191,0.72223,1.13,1.13
2012.05.16 10:17:46.358,0.72198,0.72223,2.25,1.13
2012.05.16 10:17:46.765,0.72196,0.72223,2.25,1.13
2012.05.16 10:17:47.991,0.72197,0.72223,2.25,1.13
2012.05.16 10:17:48.508,0.72198,0.72222,2.25,1.35
2012.05.16 10:17:48.653,0.72191,0.72217,3.00,2.63
2012.05.16 10:17:48.862,0.72191,0.72217,2.25,3.38
2012.05.16 10:17:48.918,0.72187,0.72211,2.25,2.25
2012.05.16 10:17:49.503,0.72186,0.72211,2.25,2.25
2012.05.16 10:17:50.339,0.72186,0.72211,3.00,2.63
2012.05.16 10:17:51.080,0.72186,0.72211,2.25,2.63
2012.05.16 10:17:51.139,0.72187,0.72211,2.25,2.63
2012.05.16 10:17:51.311,0.72179,0.72209,3.00,2.63
2012.05.16 10:17:59.862,0.72178,0.72208,2.25,3.38
2012.05.16 10:18:00.199,0.72185,0.72208,2.25,1.13
2012.05.16 10:18:00.418,0.72185,0.72209,2.25,2.25
2012.05.16 10:18:00.539,0.72185,0.72208,2.25,1.13
2012.05.16 10:18:00.599,0.72173,0.72201,3.23,2.25
2012.05.16 10:18:00.658,0.72173,0.72201,2.25,2.25
2012.05.16 10:18:00.870,0.7218,0.72204,2.25,2.25
2012.05.16 10:18:00.930,0.72178,0.72204,2.25,2.25
2012.05.16 10:18:01.024,0.72176,0.72203,3.00,2.25
2012.05.16 10:18:01.459,0.72177,0.72201,2.25,2.25
2012.05.16 10:18:01.880,0.7218,0.72208,2.25,2.63
2012.05.16 10:18:02.340,0.7218,0.7221,3.00,2.63
2012.05.16 10:18:03.145,0.7218,0.7221,3.00,2.63
2012.05.16 10:18:03.479,0.72181,0.72207,1.13,2.25
2012.05.16 10:18:03.599,0.72177,0.72207,3.00,2.25
2012.05.16 10:18:03.720,0.72182,0.7221,2.25,2.63
2012.05.16 10:18:04.287,0.72183,0.72211,2.25,2.63
2012.05.16 10:18:04.831,0.72182,0.72212,3.00,2.63
2012.05.16 10:18:05.058,0.72182,0.72212,3.00,2.63
2012.05.16 10:18:06.769,0.72182,0.72212,2.25,3.38
2012.05.16 10:18:07.361,0.72181,0.72209,2.25,3.00
2012.05.16 10:18:07.886,0.7218,0.7221,2.25,3.38
2012.05.16 10:18:08.510,0.72181,0.72209,2.25,3.00
2012.05.16 10:18:09.063,0.72183,0.72212,2.25,1.13
2012.05.16 10:18:11.551,0.72183,0.72213,2.25,2.63
2012.05.16 10:18:13.154,0.72185,0.72213,2.25,2.63
2012.05.16 10:18:13.580,0.72183,0.72213,2.25,3.38
2012.05.16 10:18:14.233,0.72183,0.72211,2.25,1.13
2012.05.16 10:18:14.450,0.72183,0.72213,2.25,3.38
2012.05.16 10:18:15.229,0.72183,0.72211,2.25,1.13
2012.05.16 10:18:15.453,0.72183,0.72213,2.25,3.38
2012.05.16 10:18:15.650,0.72183,0.72213,2.25,3.00
2012.05.16 10:18:15.909,0.72181,0.72209,3.00,2.63
2012.05.16 10:18:19.064,0.7218,0.7221,3.00,2.63
2012.05.16 10:18:19.268,0.72185,0.72213,2.25,3.38
2012.05.16 10:18:19.426,0.72183,0.72213,2.25,3.38
2012.05.16 10:18:21.103,0.72183,0.72213,2.25,3.38
2012.05.16 10:18:21.629,0.72181,0.72211,3.00,2.25
2012.05.16 10:18:21.952,0.72183,0.72211,2.25,2.25
2012.05.16 10:18:22.627,0.72183,0.72211,2.25,2.63
2012.05.16 10:18:23.388,0.72184,0.72212,2.25,2.63
2012.05.16 10:18:23.981,0.72184,0.72212,2.25,3.38
2012.05.16 10:18:24.631,0.72184,0.72213,2.25,1.13
2012.05.16 10:18:25.190,0.72184,0.72212,2.25,1.13
2012.05.16 10:18:26.889,0.72182,0.7221,2.25,3.00
2012.05.16 10:18:28.107,0.72183,0.72211,2.25,1.13
2012.05.16 10:18:28.762,0.72183,0.72213,2.25,3.38
2012.05.16 10:18:29.339,0.72183,0.72211,2.25,2.63
2012.05.16 10:18:29.859,0.72183,0.7221,2.25,1.13
2012.05.16 10:18:30.220,0.72183,0.72211,2.63,2.25
2012.05.16 10:18:30.381,0.72191,0.72219,2.25,1.35
2012.05.16 10:18:30.500,0.72191,0.72218,2.25,1.50
2012.05.16 10:18:30.679,0.72182,0.72217,2.25,3.00
2012.05.16 10:18:31.029,0.72178,0.72206,2.63,2.25
2012.05.16 10:18:31.628,0.72178,0.72206,2.25,2.63
2012.05.16 10:18:32.390,0.72178,0.72205,2.25,1.13
2012.05.16 10:18:32.811,0.72175,0.72201,2.25,2.25
2012.05.16 10:18:32.944,0.72178,0.72206,2.25,2.63
2012.05.16 10:18:33.495,0.72179,0.72205,2.25,1.13
2012.05.16 10:18:33.679,0.72179,0.72207,2.25,1.35
2012.05.16 10:18:33.859,0.72177,0.72203,2.25,2.63
2012.05.16 10:18:33.978,0.72179,0.72207,2.25,3.60
2012.05.16 10:18:34.203,0.72179,0.72207,2.25,3.23
2012.05.16 10:18:35.060,0.7218,0.72209,2.25,1.73
2012.05.16 10:18:35.118,0.7218,0.72206,2.25,1.13
2012.05.16 10:18:36.131,0.7218,0.72209,2.25,1.73
2012.05.16 10:18:37.730,0.7218,0.72206,2.25,1.13
2012.05.16 10:18:38.436,0.72179,0.72206,2.25,1.13
2012.05.16 10:18:39.500,0.72179,0.72207,2.25,3.23
2012.05.16 10:18:39.939,0.72179,0.72205,2.25,1.13
2012.05.16 10:18:40.001,0.72179,0.72207,2.25,3.23
2012.05.16 10:18:51.211,0.72179,0.72207,2.25,3.23
2012.05.16 10:18:51.593,0.72173,0.72203,3.00,2.63
2012.05.16 10:18:51.935,0.72173,0.72203,2.25,2.63
2012.05.16 10:18:52.059,0.72172,0.722,2.25,2.25
2012.05.16 10:18:52.561,0.72171,0.72201,3.00,2.63
2012.05.16 10:18:57.294,0.72173,0.72201,2.25,2.63
2012.05.16 10:18:57.933,0.72172,0.722,2.25,2.63
2012.05.16 10:18:58.408,0.7217,0.72199,1.73,2.25
2012.05.16 10:18:58.538,0.72181,0.72208,2.25,3.38
2012.05.16 10:18:58.599,0.72181,0.72208,2.25,3.38
2012.05.16 10:18:58.710,0.72181,0.72208,2.25,3.75
2012.05.16 10:18:58.769,0.72177,0.72203,3.00,2.63
2012.05.16 10:18:58.949,0.72177,0.72203,3.00,2.25
2012.05.16 10:18:59.068,0.72179,0.72208,2.25,1.13
2012.05.16 10:18:59.142,0.72179,0.72207,2.25,1.13
2012.05.16 10:19:00.103,0.72181,0.72207,2.25,1.13
2012.05.16 10:19:00.619,0.7218,0.72207,2.25,1.13
2012.05.16 10:19:02.689,0.72181,0.72207,2.25,1.13
2012.05.16 10:19:03.039,0.72179,0.72207,2.25,1.13
2012.05.16 10:19:04.120,0.72178,0.72206,2.25,3.00
2012.05.16 10:19:05.119,0.72179,0.72207,2.25,1.73
2012.05.16 10:19:05.420,0.72179,0.72204,2.25,1.13
2012.05.16 10:19:05.690,0.72174,0.72204,2.25,3.38
2012.05.16 10:19:05.982,0.72173,0.72203,2.25,2.63
2012.05.16 10:19:06.400,0.72173,0.72202,2.25,1.13
2012.05.16 10:19:07.905,0.72173,0.72203,2.25,2.63
2012.05.16 10:19:08.283,0.72175,0.72204,2.25,1.13
2012.05.16 10:19:08.340,0.72177,0.72204,2.25,1.13
2012.05.16 10:19:09.470,0.72177,0.72204,2.25,1.13
2012.05.16 10:19:10.772,0.72175,0.72204,2.25,1.13
2012.05.16 10:19:23.399,0.72175,0.72204,2.25,1.73
2012.05.16 10:19:24.113,0.72175,0.72201,2.25,1.35
2012.05.16 10:19:24.213,0.72165,0.72193,3.00,2.63
2012.05.16 10:19:24.638,0.72163,0.7219,2.25,2.25
2012.05.16 10:19:25.704,0.72163,0.7219,2.25,3.00
2012.05.16 10:19:26.592,0.72164,0.7219,2.25,3.00
2012.05.16 10:19:27.652,0.72164,0.7219,2.25,2.25
2012.05.16 10:19:30.004,0.72165,0.72191,2.25,2.63
2012.05.16 10:19:30.125,0.72165,0.72189,2.25,2.25
2012.05.16 10:19:30.682,0.72165,0.72189,2.25,3.00
2012.05.16 10:19:31.107,0.72167,0.72195,2.25,3.38
2012.05.16 10:19:35.499,0.72167,0.72195,2.25,2.63
2012.05.16 10:19:36.628,0.72167,0.72195,2.25,3.38
2012.05.16 10:19:37.592,0.72167,0.72195,3.00,2.63
2012.05.16 10:19:38.175,0.72167,0.72195,2.25,3.00
2012.05.16 10:19:38.239,0.72168,0.72196,2.25,2.25
2012.05.16 10:19:38.866,0.72169,0.72197,2.25,2.63
2012.05.16 10:19:43.092,0.72169,0.72197,2.25,3.38
2012.05.16 10:19:43.149,0.72166,0.72196,2.25,3.00
2012.05.16 10:19:43.209,0.72166,0.72196,3.00,2.25
2012.05.16 10:19:44.780,0.72171,0.72199,2.25,3.00
2012.05.16 10:19:44.990,0.72172,0.72202,3.00,2.25
2012.05.16 10:19:45.742,0.72176,0.72204,2.25,3.38
2012.05.16 10:19:46.307,0.72175,0.72204,2.25,1.13
2012.05.16 10:19:47.238,0.72175,0.72203,2.25,3.00
2012.05.16 10:19:48.122,0.72174,0.72202,2.25,2.63
2012.05.16 10:19:48.628,0.72175,0.72203,2.25,2.63
2012.05.16 10:19:48.891,0.72175,0.72201,2.25,1.13
2012.05.16 10:19:50.271,0.72174,0.72201,2.25,1.13
2012.05.16 10:19:53.639,0.72174,0.72202,2.25,2.63
2012.05.16 10:19:53.979,0.72175,0.72204,2.25,1.13
2012.05.16 10:19:54.208,0.72175,0.72205,3.00,2.63
2012.05.16 10:19:54.388,0.72175,0.72205,2.63,3.00
2012.05.16 10:19:54.798,0.72183,0.72207,2.25,2.25
2012.05.16 10:19:55.421,0.72181,0.72207,2.25,2.25
2012.05.16 10:19:56.609,0.72182,0.72208,2.25,2.63
2012.05.16 10:19:57.246,0.72181,0.72207,2.25,2.25
2012.05.16 10:20:02.661,0.72181,0.72206,2.25,2.25
2012.05.16 10:20:02.779,0.72181,0.72206,2.25,3.00
2012.05.16 10:20:04.860,0.72181,0.72206,2.25,2.25
2012.05.16 10:20:05.536,0.72182,0.72206,2.25,2.25
2012.05.16 10:20:09.160,0.7218,0.72207,2.25,2.25
2012.05.16 10:20:09.926,0.72181,0.72207,2.25,2.25
2012.05.16 10:20:10.031,0.72181,0.72205,2.25,2.25
2012.05.16 10:20:11.052,0.7218,0.72207,2.25,2.25
2012.05.16 10:20:12.161,0.7218,0.72207,2.25,2.63
2012.05.16 10:20:12.470,0.72178,0.72202,2.25,2.25
2012.05.16 10:20:12.892,0.72178,0.72201,2.25,1.13
2012.05.16 10:20:12.949,0.72174,0.722,2.25,3.00
2012.05.16 10:20:13.471,0.72174,0.72198,2.25,2.25
2012.05.16 10:20:13.585,0.72171,0.72195,2.25,2.25
2012.05.16 10:20:13.740,0.7217,0.72197,2.25,2.25
2012.05.16 10:20:14.039,0.72166,0.72199,1.13,1.73
2012.05.16 10:20:14.238,0.72163,0.72198,1.13,1.73
2012.05.16 10:20:14.298,0.72161,0.72195,1.13,1.13
2012.05.16 10:20:14.359,0.72168,0.72193,2.25,2.25
2012.05.16 10:20:15.259,0.72168,0.72193,2.63,2.25
2012.05.16 10:20:15.555,0.72171,0.72199,2.25,3.00
2012.05.16 10:20:17.428,0.7217,0.72199,2.25,1.13
2012.05.16 10:20:17.868,0.72172,0.72199,2.25,1.13
2012.05.16 10:20:18.559,0.72171,0.72199,2.25,3.38
2012.05.16 10:20:18.618,0.72169,0.72199,2.25,3.38
2012.05.16 10:20:19.183,0.72171,0.72199,2.25,3.38
2012.05.16 10:20:19.404,0.72169,0.72197,2.25,2.25
2012.05.16 10:20:19.952,0.72168,0.72196,2.25,2.25
2012.05.16 10:20:20.818,0.72168,0.72196,2.25,3.00
2012.05.16 10:20:20.939,0.72166,0.72194,2.25,1.13
2012.05.16 10:20:21.710,0.72166,0.72194,2.25,1.13
2012.05.16 10:20:21.770,0.72161,0.72191,3.00,2.63
2012.05.16 10:20:22.043,0.72159,0.72187,3.38,2.25
2012.05.16 10:20:22.698,0.72159,0.72187,2.25,2.25
2012.05.16 10:20:22.760,0.72163,0.72189,2.25,3.00
2012.05.16 10:20:22.941,0.72154,0.72184,3.00,2.63
2012.05.16 10:20:23.642,0.72154,0.72184,3.00,2.63
2012.05.16 10:20:25.349,0.72162,0.72186,2.25,2.25
2012.05.16 10:20:25.471,0.72154,0.72184,3.00,2.25
2012.05.16 10:20:26.438,0.72154,0.72184,3.00,3.00
2012.05.16 10:20:26.559,0.72154,0.72183,2.25,1.13
2012.05.16 10:20:26.619,0.72154,0.72184,2.25,3.00
2012.05.16 10:20:26.679,0.72153,0.72177,2.25,2.25
2012.05.16 10:20:26.771,0.72156,0.72184,2.25,3.00
2012.05.16 10:20:26.889,0.72157,0.72187,2.25,2.63
2012.05.16 10:20:26.990,0.72156,0.7218,3.00,2.25
2012.05.16 10:20:27.304,0.72156,0.72182,3.00,2.63
2012.05.16 10:20:27.423,0.72155,0.7218,3.00,2.25
2012.05.16 10:20:27.479,0.72156,0.72182,3.00,2.63
2012.05.16 10:20:28.013,0.72156,0.72182,2.25,3.23
2012.05.16 10:20:28.073,0.72151,0.72178,3.00,2.25
2012.05.16 10:20:29.173,0.72151,0.72178,2.25,2.63
2012.05.16 10:20:30.161,0.72153,0.72178,2.25,1.13
2012.05.16 10:20:30.492,0.72143,0.7217,3.00,2.63
2012.05.16 10:20:30.608,0.72143,0.7217,2.25,2.63
2012.05.16 10:20:31.509,0.72148,0.72172,2.25,2.63
2012.05.16 10:20:31.887,0.72148,0.72169,2.25,1.13
2012.05.16 10:20:31.949,0.7214,0.72169,2.25,1.13
2012.05.16 10:20:32.381,0.7214,0.7217,3.00,2.63
2012.05.16 10:20:32.549,0.72144,0.72172,2.25,2.25
2012.05.16 10:20:33.064,0.72145,0.72173,2.25,1.13
2012.05.16 10:20:33.793,0.72147,0.72174,2.25,1.13
2012.05.16 10:20:34.119,0.72147,0.72175,3.00,2.25
2012.05.16 10:20:34.242,0.72149,0.72177,2.25,3.23
2012.05.16 10:20:34.759,0.7215,0.7218,2.25,3.38
2012.05.16 10:20:34.819,0.72152,0.7218,2.25,3.38
2012.05.16 10:20:35.233,0.7215,0.72176,2.25,2.63
2012.05.16 10:20:35.561,0.7215,0.72176,2.25,3.00
2012.05.16 10:20:35.651,0.72146,0.72171,3.00,2.63
2012.05.16 10:20:35.709,0.72146,0.72171,3.00,2.25
2012.05.16 10:20:35.768,0.72156,0.7218,2.25,2.63
2012.05.16 10:20:36.009,0.7215,0.72176,2.25,2.25
2012.05.16 10:20:36.458,0.7215,0.72176,2.25,2.63
2012.05.16 10:20:37.328,0.72153,0.72177,2.25,2.63
2012.05.16 10:20:37.448,0.72151,0.72177,2.25,2.63
2012.05.16 10:20:37.671,0.72151,0.72177,2.25,2.63
2012.05.16 10:20:38.404,0.7215,0.72176,3.00,2.25
2012.05.16 10:20:38.579,0.7215,0.72174,2.25,2.25
2012.05.16 10:20:38.828,0.72146,0.72171,2.25,2.25
2012.05.16 10:20:38.888,0.72144,0.7217,2.25,2.25
2012.05.16 10:20:38.950,0.72144,0.7217,3.00,2.25
2012.05.16 10:20:39.009,0.72146,0.72176,3.00,3.23
2012.05.16 10:20:40.493,0.72147,0.72175,2.25,2.25
2012.05.16 10:20:41.051,0.72147,0.72175,2.25,3.00
2012.05.16 10:20:41.661,0.72146,0.72174,3.00,2.25
2012.05.16 10:20:42.118,0.72142,0.7217,3.38,2.25
2012.05.16 10:20:42.439,0.72149,0.72173,2.25,2.25
2012.05.16 10:20:43.159,0.72149,0.72175,2.25,2.63
2012.05.16 10:20:43.218,0.72149,0.72175,2.25,3.38
2012.05.16 10:20:44.849,0.72149,0.72175,2.25,2.25
2012.05.16 10:20:46.139,0.7215,0.72176,2.25,2.25
2012.05.16 10:20:46.679,0.72153,0.72177,2.25,2.63
2012.05.16 10:20:46.919,0.72151,0.72177,2.25,2.63
2012.05.16 10:20:47.111,0.72153,0.72177,2.25,2.63
2012.05.16 10:20:47.819,0.7215,0.72177,2.25,2.25
2012.05.16 10:20:48.443,0.7215,0.72174,2.25,2.25
2012.05.16 10:20:48.678,0.72151,0.72179,2.25,1.13
2012.05.16 10:20:49.214,0.72147,0.72177,2.25,2.25
2012.05.16 10:20:49.279,0.72147,0.72177,3.00,2.25
2012.05.16 10:20:50.091,0.7215,0.72178,3.00,2.63
2012.05.16 10:20:50.622,0.72147,0.72177,3.00,2.63
2012.05.16 10:20:51.172,0.72147,0.72177,3.00,2.63
2012.05.16 10:20:52.311,0.72147,0.72177,3.00,2.63
2012.05.16 10:20:52.843,0.72147,0.72175,3.00,2.25
2012.05.16 10:20:53.191,0.72147,0.72175,2.25,2.25
2012.05.16 10:20:53.957,0.72146,0.72174,3.00,2.25
2012.05.16 10:20:54.961,0.72146,0.72174,3.00,2.25
2012.05.16 10:20:55.079,0.72143,0.72171,3.00,2.25
2012.05.16 10:20:56.471,0.72144,0.72174,3.00,2.63
2012.05.16 10:20:57.635,0.72146,0.72174,3.00,2.25
2012.05.16 10:20:58.191,0.72145,0.72172,3.00,2.25
2012.05.16 10:20:58.852,0.72145,0.72172,3.00,2.25
2012.05.16 10:21:00.529,0.72146,0.72172,1.13,2.25
2012.05.16 10:21:00.590,0.72146,0.72178,1.13,2.63
2012.05.16 10:21:00.855,0.72142,0.72178,3.00,3.00
2012.05.16 10:21:01.160,0.72147,0.72175,3.00,2.25
2012.05.16 10:21:01.753,0.72149,0.72177,3.00,2.63
2012.05.16 10:21:02.219,0.72152,0.72178,2.25,3.00
2012.05.16 10:21:02.411,0.72144,0.72172,2.25,2.25
2012.05.16 10:21:02.943,0.72145,0.72173,2.25,3.38
2012.05.16 10:21:03.694,0.72145,0.72173,3.00,2.63
2012.05.16 10:21:04.370,0.72145,0.72173,3.00,2.25
2012.05.16 10:21:04.548,0.72144,0.7217,3.00,2.25
2012.05.16 10:21:04.829,0.72144,0.7217,2.25,2.25
2012.05.16 10:21:05.621,0.72145,0.7217,2.25,2.25
2012.05.16 10:21:06.193,0.72145,0.72169,2.25,2.25
2012.05.16 10:21:06.681,0.72146,0.72172,2.25,2.63
2012.05.16 10:21:06.938,0.72145,0.7217,3.00,2.25
2012.05.16 10:21:07.341,0.72147,0.72177,2.25,2.63
2012.05.16 10:21:07.398,0.72147,0.72177,2.25,3.00
2012.05.16 10:21:07.708,0.72144,0.72175,1.13,2.25
2012.05.16 10:21:07.902,0.72149,0.72177,2.25,2.25
2012.05.16 10:21:09.420,0.72149,0.72177,3.00,2.25
2012.05.16 10:21:09.630,0.72149,0.72177,2.25,2.25
2012.05.16 10:21:09.961,0.72149,0.72177,3.00,2.25
2012.05.16 10:21:11.070,0.72149,0.72177,2.25,2.25
2012.05.16 10:21:11.283,0.72149,0.72177,3.00,2.25
2012.05.16 10:21:11.392,0.72149,0.72177,2.25,2.25
2012.05.16 10:21:11.509,0.72149,0.72177,3.00,2.25
2012.05.16 10:21:11.870,0.72153,0.72181,2.25,2.63
2012.05.16 10:21:12.230,0.72158,0.72184,2.25,1.13
2012.05.16 10:21:12.348,0.72158,0.72188,2.25,3.38
2012.05.16 10:21:12.489,0.7216,0.7219,2.25,3.00
2012.05.16 10:21:12.702,0.72161,0.72189,2.25,1.13
2012.05.16 10:21:12.901,0.72161,0.72189,2.25,3.00
2012.05.16 10:21:12.960,0.72161,0.72191,3.00,2.63
2012.05.16 10:21:13.019,0.72161,0.72189,2.25,1.13
2012.05.16 10:21:13.139,0.72156,0.72189,1.13,1.13
2012.05.16 10:21:13.469,0.72155,0.72189,1.13,1.13
2012.05.16 10:21:13.819,0.72156,0.72193,1.73,1.13
2012.05.16 10:21:13.879,0.72159,0.72194,1.13,1.13
2012.05.16 10:21:13.956,0.72157,0.72193,1.73,1.13
2012.05.16 10:21:14.289,0.72167,0.72193,2.25,3.38
2012.05.16 10:21:14.618,0.72171,0.72196,2.25,3.38
2012.05.16 10:21:15.042,0.72175,0.72199,2.25,3.00
2012.05.16 10:21:15.159,0.72177,0.72201,2.25,3.00
2012.05.16 10:21:15.549,0.72181,0.72202,2.25,1.13
2012.05.16 10:21:15.609,0.72181,0.72202,2.25,1.13
2012.05.16 10:21:15.672,0.72178,0.72202,2.25,1.13
2012.05.16 10:21:15.730,0.72178,0.72198,2.25,1.13
2012.05.16 10:21:15.834,0.72166,0.72196,3.00,2.63
2012.05.16 10:21:16.000,0.72167,0.72192,1.13,2.25
2012.05.16 10:21:16.179,0.72164,0.72192,3.00,2.25
2012.05.16 10:21:16.311,0.72164,0.72192,2.25,2.25
2012.05.16 10:21:16.429,0.72177,0.72195,2.25,1.13
2012.05.16 10:21:16.504,0.72171,0.72195,2.25,1.13
2012.05.16 10:21:16.934,0.72165,0.72198,3.00,1.13
2012.05.16 10:21:16.998,0.72165,0.72199,2.25,1.13
2012.05.16 10:21:17.254,0.72165,0.72199,3.00,1.50
2012.05.16 10:21:17.321,0.72164,0.72193,2.25,1.13
2012.05.16 10:21:17.379,0.72162,0.72192,3.00,2.63
2012.05.16 10:21:17.519,0.72168,0.72194,2.25,3.00
2012.05.16 10:21:18.463,0.72169,0.72195,2.25,3.00
2012.05.16 10:21:18.913,0.72162,0.7219,3.38,2.25
2012.05.16 10:21:19.453,0.72161,0.72189,3.00,2.63
2012.05.16 10:21:20.156,0.72161,0.72189,2.25,3.38
2012.05.16 10:21:20.271,0.72157,0.72186,2.25,2.25
2012.05.16 10:21:20.709,0.72156,0.72186,2.25,3.38
2012.05.16 10:21:21.212,0.72155,0.72185,2.25,3.00
2012.05.16 10:21:21.389,0.72156,0.72186,3.00,2.63
2012.05.16 10:21:21.769,0.72158,0.72185,2.25,2.25
2012.05.16 10:21:22.005,0.72161,0.72189,3.00,2.25
2012.05.16 10:21:22.210,0.72161,0.72188,2.25,1.13
2012.05.16 10:21:22.671,0.72163,0.72193,2.25,2.85
2012.05.16 10:21:22.789,0.72164,0.72194,2.25,3.00
2012.05.16 10:21:23.063,0.72164,0.72194,2.25,3.00
2012.05.16 10:21:23.225,0.72164,0.72194,2.25,3.00
2012.05.16 10:21:23.310,0.72164,0.72192,2.25,2.25
2012.05.16 10:21:23.642,0.72164,0.72194,2.25,3.00
2012.05.16 10:21:24.165,0.72165,0.72194,2.25,1.13
2012.05.16 10:21:24.679,0.72163,0.72193,3.00,2.25
2012.05.16 10:21:25.296,0.72165,0.72195,3.00,2.63
2012.05.16 10:21:25.402,0.72178,0.72198,2.25,1.73
2012.05.16 10:21:25.860,0.72167,0.72193,2.25,3.00
2012.05.16 10:21:25.953,0.72167,0.72193,2.25,3.38
2012.05.16 10:21:26.008,0.72162,0.72188,3.00,2.25
2012.05.16 10:21:26.082,0.72162,0.72188,3.00,2.25
2012.05.16 10:21:26.218,0.72162,0.72188,3.00,2.25
2012.05.16 10:21:26.562,0.72162,0.72188,2.25,2.63
2012.05.16 10:21:26.712,0.72162,0.72188,2.25,2.25
2012.05.16 10:21:26.769,0.72157,0.72182,3.38,2.25
2012.05.16 10:21:26.829,0.72161,0.72189,3.00,2.63
2012.05.16 10:21:27.473,0.7216,0.72188,2.25,3.00
2012.05.16 10:21:27.599,0.72157,0.72187,3.38,2.25
2012.05.16 10:21:27.719,0.72157,0.72187,3.38,2.25
2012.05.16 10:21:27.923,0.72157,0.72186,2.25,3.00
2012.05.16 10:21:28.040,0.72157,0.72183,2.25,1.13
2012.05.16 10:21:28.209,0.72155,0.72183,2.25,3.38
2012.05.16 10:21:28.270,0.72155,0.72183,3.00,2.63
2012.05.16 10:21:28.538,0.72157,0.72186,3.00,2.63
2012.05.16 10:21:28.956,0.72157,0.72186,3.00,2.25
2012.05.16 10:21:29.250,0.72155,0.72185,3.00,2.63
2012.05.16 10:21:29.922,0.72153,0.72181,3.00,2.25
2012.05.16 10:21:30.438,0.72152,0.7218,3.00,2.25
2012.05.16 10:21:31.790,0.72149,0.72179,3.38,2.25
2012.05.16 10:21:31.983,0.72149,0.72179,3.38,2.25
2012.05.16 10:21:32.377,0.72149,0.72179,3.38,2.25
2012.05.16 10:21:32.965,0.72149,0.72179,3.00,2.25
2012.05.16 10:21:33.218,0.72149,0.72179,3.00,2.25
2012.05.16 10:21:33.691,0.72149,0.72179,3.00,2.25
2012.05.16 10:21:34.132,0.72149,0.72179,3.00,2.25
2012.05.16 10:21:36.400,0.72149,0.72179,3.00,2.63
2012.05.16 10:21:36.890,0.72151,0.72181,3.00,2.63
2012.05.16 10:21:37.531,0.72151,0.72181,3.00,2.25
2012.05.16 10:21:37.723,0.72151,0.72181,3.00,2.25
2012.05.16 10:21:37.959,0.72156,0.72184,3.00,2.63
2012.05.16 10:21:39.026,0.72158,0.72185,2.25,2.63
2012.05.16 10:21:39.149,0.72158,0.72188,2.25,3.38
2012.05.16 10:21:39.596,0.72158,0.72185,2.25,2.25
2012.05.16 10:21:39.821,0.7216,0.72188,2.25,3.00
2012.05.16 10:21:39.979,0.7216,0.72189,2.25,1.13
2012.05.16 10:21:40.045,0.72157,0.72187,2.25,3.00
2012.05.16 10:21:40.200,0.72157,0.72187,2.25,2.25
2012.05.16 10:21:40.319,0.72159,0.72187,2.25,2.25
2012.05.16 10:21:40.839,0.72161,0.72189,2.25,1.13
2012.05.16 10:21:41.404,0.72161,0.72189,2.25,1.13
2012.05.16 10:21:41.730,0.7216,0.72185,2.25,1.13
2012.05.16 10:21:42.046,0.72154,0.72182,2.25,2.25
2012.05.16 10:21:42.199,0.72154,0.72184,3.00,2.63
2012.05.16 10:21:42.539,0.72154,0.72184,2.25,3.38
2012.05.16 10:21:42.848,0.72154,0.72184,2.25,3.38
2012.05.16 10:21:43.001,0.72154,0.72184,2.25,3.38
2012.05.16 10:21:43.561,0.72154,0.72184,3.00,2.63
2012.05.16 10:21:43.618,0.72154,0.72184,2.25,3.38
2012.05.16 10:21:43.785,0.72154,0.72182,2.25,2.25
2012.05.16 10:21:44.159,0.72154,0.72182,2.25,3.00
2012.05.16 10:21:44.342,0.72152,0.72182,2.25,3.00
2012.05.16 10:21:44.772,0.72154,0.72182,2.25,3.00
2012.05.16 10:21:46.204,0.72155,0.72183,2.25,3.00
2012.05.16 10:21:46.330,0.72155,0.72183,2.25,2.25
2012.05.16 10:21:46.404,0.72155,0.72183,2.25,2.63
2012.05.16 10:21:46.759,0.72151,0.72177,1.13,2.25
2012.05.16 10:21:46.939,0.72152,0.7218,2.25,2.25
2012.05.16 10:21:47.193,0.72152,0.72182,2.25,2.25
2012.05.16 10:21:48.602,0.72152,0.72182,2.25,2.63
2012.05.16 10:21:48.658,0.72152,0.72181,2.25,1.13
2012.05.16 10:21:49.139,0.7215,0.7218,2.25,3.00
2012.05.16 10:21:49.233,0.7215,0.7218,3.00,2.25
2012.05.16 10:21:49.810,0.72149,0.72179,3.00,2.25
2012.05.16 10:21:50.311,0.72149,0.72179,3.00,2.63
2012.05.16 10:21:50.390,0.72149,0.72179,2.25,3.38
2012.05.16 10:21:50.490,0.72147,0.72173,2.25,2.25
2012.05.16 10:21:51.169,0.72149,0.72175,2.25,2.25
2012.05.16 10:21:51.551,0.72152,0.72178,2.25,2.25
2012.05.16 10:21:52.079,0.72151,0.72177,3.00,2.25
2012.05.16 10:21:53.140,0.72153,0.72177,2.25,2.25
2012.05.16 10:21:55.352,0.72151,0.72177,2.25,2.25
2012.05.16 10:21:55.782,0.72153,0.72177,2.25,2.25
2012.05.16 10:21:55.959,0.72152,0.72179,2.25,3.00
2012.05.16 10:21:59.513,0.72152,0.72178,2.25,2.25
2012.05.16 10:22:00.182,0.72153,0.72178,2.25,2.25
2012.05.16 10:22:01.832,0.72153,0.72177,2.25,2.25
2012.05.16 10:22:02.439,0.72151,0.72177,2.25,2.25
2012.05.16 10:22:02.988,0.72152,0.72178,2.25,2.25
2012.05.16 10:22:03.601,0.72152,0.72179,2.25,2.25
2012.05.16 10:22:04.250,0.72152,0.72178,2.25,2.25
2012.05.16 10:22:04.933,0.72151,0.72177,2.25,2.25
2012.05.16 10:22:05.244,0.72149,0.72175,2.25,2.25
2012.05.16 10:22:09.421,0.72148,0.72174,2.25,2.25
2012.05.16 10:22:10.096,0.72148,0.72174,3.00,2.25
2012.05.16 10:22:10.428,0.72148,0.72174,2.25,2.25
2012.05.16 10:22:12.079,0.72148,0.72172,2.25,2.25
2012.05.16 10:22:12.803,0.72148,0.72172,3.00,2.25
2012.05.16 10:22:12.859,0.72148,0.72172,2.25,2.25
2012.05.16 10:22:13.864,0.72149,0.72173,2.25,2.25
2012.05.16 10:22:13.944,0.72149,0.72173,3.00,2.25
2012.05.16 10:22:14.266,0.72145,0.72172,3.00,2.25
2012.05.16 10:22:14.431,0.72148,0.72174,2.25,3.75
2012.05.16 10:22:14.609,0.72134,0.7216,3.00,2.25
2012.05.16 10:22:15.378,0.72142,0.7217,2.25,2.25
2012.05.16 10:22:15.438,0.72142,0.7217,2.25,3.00
2012.05.16 10:22:15.611,0.72142,0.7217,2.25,2.25
2012.05.16 10:22:15.669,0.72142,0.7217,2.25,2.63
2012.05.16 10:22:15.809,0.72134,0.7217,1.13,2.63
2012.05.16 10:22:16.031,0.72139,0.72165,2.25,2.25
2012.05.16 10:22:16.791,0.72141,0.72165,2.25,2.25
2012.05.16 10:22:17.907,0.72139,0.72165,2.25,2.25
2012.05.16 10:22:19.141,0.72139,0.72165,2.25,3.00
2012.05.16 10:22:19.379,0.72133,0.72161,2.25,2.25
2012.05.16 10:22:19.498,0.72133,0.72161,3.38,2.25
2012.05.16 10:22:19.699,0.72139,0.72165,2.25,2.25
2012.05.16 10:22:20.761,0.72141,0.72165,2.25,2.25
2012.05.16 10:22:21.196,0.72139,0.72165,2.25,2.25
2012.05.16 10:22:21.462,0.72139,0.72165,3.00,2.25
2012.05.16 10:22:21.682,0.72139,0.72164,2.25,2.25
2012.05.16 10:22:22.340,0.72139,0.72165,2.25,2.25
2012.05.16 10:22:25.382,0.72141,0.72165,2.25,2.25
2012.05.16 10:22:26.613,0.72141,0.72165,3.00,2.63
2012.05.16 10:22:31.879,0.72141,0.72165,3.00,2.25
2012.05.16 10:22:32.430,0.7214,0.72166,2.25,2.63
2012.05.16 10:22:33.595,0.72144,0.72169,2.25,1.35
2012.05.16 10:22:33.660,0.72142,0.72168,2.25,3.60
2012.05.16 10:22:34.064,0.72144,0.72168,2.25,3.60
2012.05.16 10:22:34.768,0.72144,0.72167,2.25,1.73
2012.05.16 10:22:34.889,0.72138,0.72163,2.25,3.00
2012.05.16 10:22:35.010,0.72138,0.72163,2.25,3.38
2012.05.16 10:22:35.069,0.72132,0.72158,3.00,2.25
2012.05.16 10:22:35.129,0.72132,0.72158,3.00,2.25
2012.05.16 10:22:35.190,0.72133,0.72159,2.25,2.25
2012.05.16 10:22:35.249,0.72133,0.72159,2.25,2.63
2012.05.16 10:22:35.498,0.72133,0.7216,2.25,2.25
2012.05.16 10:22:37.313,0.72133,0.7216,3.00,2.25
2012.05.16 10:22:40.222,0.72137,0.72161,2.25,2.25
2012.05.16 10:22:53.706,0.72136,0.72162,3.00,2.25
2012.05.16 10:22:54.677,0.72137,0.72161,3.00,2.25
2012.05.16 10:22:56.288,0.72137,0.72163,3.00,2.25
2012.05.16 10:22:56.882,0.72137,0.72163,3.00,2.25
2012.05.16 10:22:57.139,0.72137,0.72163,2.25,2.25
2012.05.16 10:22:57.350,0.72141,0.72165,2.25,2.25
2012.05.16 10:22:59.264,0.72141,0.72166,2.25,2.25
2012.05.16 10:23:00.132,0.72141,0.72166,2.25,3.00
2012.05.16 10:23:00.369,0.72126,0.72152,3.00,2.25
2012.05.16 10:23:00.876,0.72126,0.72152,2.25,2.25
2012.05.16 10:23:01.238,0.72126,0.72152,3.38,2.25
2012.05.16 10:23:01.299,0.72131,0.72157,3.00,2.25
2012.05.16 10:23:03.442,0.72133,0.72161,2.25,2.25
2012.05.16 10:23:03.680,0.72131,0.72161,3.38,2.25
2012.05.16 10:23:03.868,0.72131,0.72161,3.38,2.25
2012.05.16 10:23:04.049,0.72143,0.72171,2.25,3.00
2012.05.16 10:23:04.228,0.72141,0.72166,2.25,2.25
2012.05.16 10:23:04.539,0.72141,0.72164,2.25,1.13
2012.05.16 10:23:04.600,0.72134,0.72162,2.25,2.25
2012.05.16 10:23:04.884,0.72132,0.72162,2.63,2.25
2012.05.16 10:23:05.122,0.72132,0.72162,2.25,2.63
2012.05.16 10:23:05.523,0.72131,0.72157,2.25,2.25
2012.05.16 10:23:05.862,0.72133,0.72157,2.25,2.25
2012.05.16 10:23:09.461,0.72134,0.72158,2.25,3.00
2012.05.16 10:23:12.230,0.72136,0.72161,2.25,3.00
2012.05.16 10:23:12.288,0.72136,0.72161,2.25,2.25
2012.05.16 10:23:13.244,0.72136,0.7216,2.25,2.25
2012.05.16 10:23:15.970,0.72136,0.7216,2.25,3.38
2012.05.16 10:23:16.918,0.72136,0.7216,2.25,2.63
2012.05.16 10:23:18.621,0.72136,0.7216,2.25,3.38
2012.05.16 10:23:18.739,0.72132,0.72159,2.25,3.00
2012.05.16 10:23:18.822,0.72134,0.72158,2.25,2.25
2012.05.16 10:23:19.469,0.72135,0.72159,2.25,2.25
2012.05.16 10:23:20.270,0.72135,0.72159,2.25,3.00
2012.05.16 10:23:20.820,0.72136,0.72161,2.25,2.25
2012.05.16 10:23:21.247,0.72134,0.7216,2.25,2.25
2012.05.16 10:23:21.867,0.72134,0.7216,2.25,3.00
2012.05.16 10:23:22.480,0.72133,0.72159,2.25,3.00
2012.05.16 10:23:26.087,0.72135,0.72161,2.25,2.63
2012.05.16 10:23:28.202,0.72135,0.72161,2.25,2.25
2012.05.16 10:23:28.399,0.72137,0.72164,2.25,1.35
2012.05.16 10:23:28.593,0.72145,0.72169,2.25,3.00
2012.05.16 10:23:28.648,0.72145,0.72169,2.25,2.25
2012.05.16 10:23:28.810,0.72138,0.72173,2.63,1.73
2012.05.16 10:23:28.954,0.72138,0.7217,2.63,1.13
2012.05.16 10:23:29.249,0.72138,0.72166,2.25,2.63
2012.05.16 10:23:29.412,0.72138,0.72166,2.25,3.00
2012.05.16 10:23:30.272,0.72135,0.72161,2.25,2.63
2012.05.16 10:23:30.602,0.72135,0.7216,2.25,1.13
2012.05.16 10:23:30.940,0.72135,0.72161,2.25,2.63
