2011.04.25 09:00:05.742,0.708,0.70862,2.25,4.35
2011.04.25 09:00:05.850,0.708,0.70862,2.85,2.25
2011.04.25 09:00:05.963,0.70798,0.70855,2.85,2.25
2011.04.25 09:00:10.929,0.70797,0.70852,2.85,2.25
2011.04.25 09:00:11.039,0.70798,0.70855,2.85,2.25
2011.04.25 09:00:12.231,0.70798,0.70855,2.85,2.25
2011.04.25 09:00:15.772,0.70797,0.70854,2.85,2.25
2011.04.25 09:00:20.845,0.70799,0.70854,2.25,2.25
2011.04.25 09:00:22.249,0.70807,0.70854,2.25,2.25
2011.04.25 09:00:27.929,0.70807,0.70856,2.25,2.25
2011.04.25 09:00:28.149,0.70809,0.70857,2.25,2.25
2011.04.25 09:00:29.369,0.70807,0.70857,2.25,2.25
2011.04.25 09:00:32.010,0.70807,0.70853,2.25,2.10
2011.04.25 09:00:32.119,0.70777,0.70853,2.85,4.35
2011.04.25 09:00:32.659,0.70777,0.7085,2.25,2.10
2011.04.25 09:00:32.770,0.70764,0.70842,2.25,2.85
2011.04.25 09:00:32.880,0.70768,0.70844,2.25,2.85
2011.04.25 09:00:35.860,0.70768,0.70846,3.00,2.85
2011.04.25 09:00:36.189,0.70791,0.70848,2.25,2.85
2011.04.25 09:00:36.472,0.70791,0.70848,2.25,2.25
2011.04.25 09:00:37.389,0.7079,0.70845,2.25,2.25
2011.04.25 09:00:37.499,0.70788,0.70845,2.25,2.25
2011.04.25 09:00:38.609,0.70786,0.7083,2.25,2.25
2011.04.25 09:00:39.331,0.70787,0.70831,2.25,2.25
2011.04.25 09:00:40.142,0.70786,0.7083,2.25,2.25
2011.04.25 09:00:40.469,0.70788,0.70834,2.25,2.25
2011.04.25 09:00:40.700,0.70788,0.7083,2.25,2.10
2011.04.25 09:00:40.809,0.70766,0.7083,2.85,4.35
2011.04.25 09:00:41.069,0.70766,0.70821,2.25,2.25
2011.04.25 09:00:41.916,0.70767,0.70821,2.25,2.25
2011.04.25 09:00:42.725,0.70763,0.70819,2.25,2.25
2011.04.25 09:00:43.450,0.70763,0.70827,2.25,2.25
2011.04.25 09:00:44.511,0.70761,0.70825,2.25,2.25
2011.04.25 09:00:44.982,0.70764,0.70828,2.25,2.25
2011.04.25 09:00:46.930,0.70763,0.7082,2.25,2.25
2011.04.25 09:00:47.291,0.70761,0.70818,2.25,2.25
2011.04.25 09:00:48.400,0.70755,0.70811,2.25,2.25
2011.04.25 09:00:48.510,0.70761,0.70818,2.25,2.25
2011.04.25 09:00:52.131,0.70777,0.70821,2.25,2.25
2011.04.25 09:00:52.460,0.70781,0.70825,2.25,2.25
2011.04.25 09:00:54.661,0.70784,0.7083,2.25,2.25
2011.04.25 09:00:55.330,0.7079,0.70834,2.25,2.25
2011.04.25 09:00:56.097,0.70788,0.70834,2.25,2.25
2011.04.25 09:00:56.424,0.7079,0.70834,2.25,2.25
2011.04.25 09:00:57.040,0.7079,0.70837,2.25,2.25
2011.04.25 09:00:57.150,0.70793,0.70839,2.25,2.25
2011.04.25 09:00:57.752,0.70795,0.70839,2.10,2.25
2011.04.25 09:00:57.861,0.70804,0.7088,2.85,2.85
2011.04.25 09:00:58.080,0.70809,0.70866,2.25,2.25
2011.04.25 09:00:58.843,0.70809,0.70864,2.25,2.25
2011.04.25 09:00:59.510,0.7081,0.70865,2.25,2.25
2011.04.25 09:01:01.490,0.70811,0.70867,2.25,2.25
2011.04.25 09:01:02.585,0.70812,0.70869,2.25,2.25
2011.04.25 09:01:04.125,0.7081,0.70867,2.25,2.25
2011.04.25 09:01:06.770,0.7081,0.70867,2.25,2.85
2011.04.25 09:01:06.880,0.70797,0.70852,3.00,2.25
2011.04.25 09:01:07.101,0.70786,0.70841,3.00,2.25
2011.04.25 09:01:07.210,0.70784,0.70841,2.25,2.25
2011.04.25 09:01:07.430,0.70782,0.70837,2.25,2.25
2011.04.25 09:01:07.800,0.70779,0.70834,2.25,2.25
2011.04.25 09:01:11.444,0.70779,0.70834,3.00,2.25
2011.04.25 09:01:11.660,0.7079,0.70847,2.25,2.25
2011.04.25 09:01:11.770,0.70796,0.70851,2.25,2.85
2011.04.25 09:01:11.880,0.70793,0.7085,2.25,2.85
2011.04.25 09:01:12.110,0.70796,0.70853,2.25,2.25
2011.04.25 09:01:12.440,0.708,0.70854,2.25,2.25
2011.04.25 09:01:12.659,0.70794,0.7085,2.25,2.25
2011.04.25 09:01:12.880,0.70787,0.7085,2.25,2.25
2011.04.25 09:01:14.000,0.70783,0.70848,2.25,2.25
2011.04.25 09:01:14.690,0.7078,0.70839,2.25,2.25
2011.04.25 09:01:17.791,0.70783,0.70839,2.25,2.25
2011.04.25 09:01:18.220,0.7078,0.70839,2.25,2.25
2011.04.25 09:01:18.888,0.70787,0.7084,2.25,2.25
2011.04.25 09:01:19.630,0.70797,0.70845,2.25,2.25
2011.04.25 09:01:20.025,0.70792,0.70839,2.25,2.25
2011.04.25 09:01:20.130,0.70788,0.70839,2.25,2.25
2011.04.25 09:01:20.240,0.70791,0.70841,2.25,2.25
2011.04.25 09:01:20.542,0.70789,0.70835,2.25,2.25
2011.04.25 09:01:21.312,0.70791,0.70835,2.25,2.25
2011.04.25 09:01:21.420,0.70791,0.70837,2.25,2.25
2011.04.25 09:01:21.530,0.70795,0.70841,2.25,2.25
2011.04.25 09:01:23.712,0.70795,0.70841,3.00,2.25
2011.04.25 09:01:24.971,0.70804,0.7085,2.25,3.00
2011.04.25 09:01:25.190,0.70796,0.70843,2.25,2.25
2011.04.25 09:01:25.300,0.70799,0.70843,2.25,2.25
2011.04.25 09:01:25.411,0.70797,0.70842,2.25,2.25
2011.04.25 09:01:25.630,0.70795,0.70839,3.00,2.85
2011.04.25 09:01:27.121,0.70795,0.70839,2.25,2.85
2011.04.25 09:01:27.340,0.70796,0.70843,3.00,2.25
2011.04.25 09:01:30.441,0.70796,0.70843,3.00,2.25
2011.04.25 09:01:30.551,0.70799,0.70843,2.25,2.25
2011.04.25 09:01:31.433,0.70797,0.70842,3.00,2.25
2011.04.25 09:01:33.642,0.70797,0.70841,3.00,2.25
2011.04.25 09:01:33.750,0.70793,0.70837,3.00,2.25
2011.04.25 09:01:35.680,0.70794,0.70838,3.00,2.25
2011.04.25 09:01:35.831,0.70796,0.70842,3.00,2.25
2011.04.25 09:01:39.081,0.70798,0.70842,2.25,2.25
2011.04.25 09:01:39.190,0.70805,0.70851,2.25,2.25
2011.04.25 09:01:39.793,0.708,0.70844,2.25,2.25
2011.04.25 09:01:40.150,0.70805,0.70851,2.25,2.25
2011.04.25 09:01:47.163,0.70801,0.70847,2.25,2.25
2011.04.25 09:01:49.280,0.70801,0.70847,2.25,2.85
2011.04.25 09:01:49.665,0.70796,0.7084,3.00,2.25
2011.04.25 09:01:52.441,0.70801,0.70847,2.25,2.25
2011.04.25 09:01:53.604,0.70801,0.70847,2.25,2.85
2011.04.25 09:01:53.710,0.70798,0.70842,2.25,2.25
2011.04.25 09:01:53.820,0.70796,0.7084,3.00,2.25
2011.04.25 09:01:57.640,0.70797,0.7084,1.35,2.25
2011.04.25 09:01:57.860,0.7081,0.70854,2.25,2.25
2011.04.25 09:01:57.970,0.70812,0.70859,2.25,3.60
2011.04.25 09:02:08.460,0.7081,0.70854,2.25,2.25
2011.04.25 09:02:31.571,0.70813,0.70858,2.25,2.85
2011.04.25 09:02:40.100,0.70804,0.70848,2.25,2.25
2011.04.25 09:02:45.437,0.70805,0.70849,2.25,2.25
2011.04.25 09:02:45.656,0.70804,0.70851,2.25,2.25
2011.04.25 09:02:50.622,0.70802,0.70848,3.00,2.25
2011.04.25 09:02:51.092,0.70802,0.70848,3.00,2.25
2011.04.25 09:02:51.521,0.70802,0.70848,3.00,2.25
2011.04.25 09:02:51.630,0.70798,0.70844,3.00,2.25
2011.04.25 09:02:53.733,0.70798,0.70844,3.00,2.25
2011.04.25 09:02:54.721,0.70796,0.70843,3.00,2.25
2011.04.25 09:02:55.830,0.70796,0.70843,3.00,2.25
2011.04.25 09:02:57.013,0.70796,0.70842,3.00,2.25
2011.04.25 09:02:58.801,0.70797,0.70842,3.00,2.25
2011.04.25 09:03:00.672,0.70797,0.70842,3.00,2.25
2011.04.25 09:03:04.803,0.70797,0.70842,3.00,2.25
2011.04.25 09:03:06.783,0.70797,0.70842,2.25,2.25
2011.04.25 09:03:07.283,0.70797,0.70842,3.00,2.25
2011.04.25 09:03:07.390,0.70797,0.70842,3.00,2.25
2011.04.25 09:03:26.631,0.70799,0.70856,2.25,2.25
2011.04.25 09:03:26.741,0.70799,0.70856,3.00,2.25
2011.04.25 09:03:27.062,0.70799,0.70848,3.00,2.25
2011.04.25 09:03:27.733,0.70799,0.70848,2.25,2.25
2011.04.25 09:03:29.694,0.70799,0.70848,3.00,2.25
2011.04.25 09:03:31.893,0.70801,0.70849,3.00,2.25
2011.04.25 09:03:36.401,0.70801,0.70849,3.00,2.25
2011.04.25 09:03:36.661,0.70807,0.70851,3.00,2.25
2011.04.25 09:03:37.723,0.70807,0.70851,3.00,2.25
2011.04.25 09:03:38.712,0.70807,0.70851,2.25,2.25
2011.04.25 09:03:38.930,0.70801,0.70849,3.00,2.25
2011.04.25 09:03:46.439,0.708,0.70847,3.00,2.25
2011.04.25 09:03:50.040,0.708,0.70847,2.25,2.25
2011.04.25 09:03:51.254,0.70797,0.70841,2.25,2.25
2011.04.25 09:03:59.612,0.70797,0.70841,3.00,2.25
2011.04.25 09:04:01.151,0.70797,0.70841,3.00,2.25
2011.04.25 09:04:01.610,0.70797,0.70841,3.00,2.25
2011.04.25 09:04:04.372,0.70798,0.70842,3.00,2.25
2011.04.25 09:04:12.530,0.70798,0.70844,3.00,2.25
2011.04.25 09:04:12.750,0.70805,0.70849,2.25,2.25
2011.04.25 09:04:12.860,0.70798,0.70844,3.00,2.25
2011.04.25 09:04:14.720,0.70798,0.70844,3.00,2.25
2011.04.25 09:04:15.940,0.70798,0.70844,3.00,2.25
2011.04.25 09:04:16.050,0.708,0.70846,3.00,2.25
2011.04.25 09:04:25.070,0.708,0.70846,3.00,2.85
2011.04.25 09:04:28.584,0.70796,0.7084,3.00,2.25
2011.04.25 09:04:30.102,0.70796,0.7084,3.00,2.25
2011.04.25 09:04:32.430,0.70797,0.70843,3.00,2.85
2011.04.25 09:04:32.893,0.70801,0.70843,1.35,2.25
2011.04.25 09:04:33.110,0.70801,0.70858,3.60,4.35
2011.04.25 09:04:33.220,0.70801,0.70858,3.60,4.35
2011.04.25 09:04:34.081,0.70801,0.70849,3.60,2.25
2011.04.25 09:04:34.372,0.70801,0.70849,3.60,2.25
2011.04.25 09:04:34.480,0.70801,0.70849,3.00,2.85
2011.04.25 09:04:35.143,0.70797,0.70843,3.00,2.25
2011.04.25 09:04:35.250,0.70801,0.70843,1.35,2.25
2011.04.25 09:04:35.361,0.70801,0.70843,1.35,2.25
2011.04.25 09:04:35.470,0.70802,0.70857,3.00,2.85
2011.04.25 09:04:36.272,0.70801,0.7085,1.35,2.25
2011.04.25 09:04:36.500,0.708,0.7085,2.25,2.85
2011.04.25 09:04:36.632,0.70798,0.70842,2.25,2.25
2011.04.25 09:04:37.111,0.70798,0.70842,3.00,2.25
2011.04.25 09:04:37.440,0.70802,0.70857,2.25,2.85
2011.04.25 09:04:37.550,0.70801,0.70849,3.00,2.25
2011.04.25 09:04:38.393,0.70801,0.70849,3.00,2.85
2011.04.25 09:04:39.163,0.708,0.70842,1.35,2.25
2011.04.25 09:04:39.380,0.70801,0.70858,3.00,2.85
2011.04.25 09:04:39.490,0.708,0.7085,3.60,2.25
2011.04.25 09:04:40.791,0.70797,0.70845,2.25,2.85
2011.04.25 09:04:41.011,0.70786,0.7083,2.25,2.25
2011.04.25 09:04:41.120,0.70784,0.70828,2.25,2.25
2011.04.25 09:04:46.450,0.70786,0.7083,2.25,2.25
2011.04.25 09:04:48.403,0.70784,0.70828,2.25,2.25
2011.04.25 09:04:48.622,0.70784,0.70835,2.25,2.25
2011.04.25 09:04:51.021,0.70779,0.70825,3.00,2.25
2011.04.25 09:04:52.572,0.70779,0.70825,2.25,2.25
2011.04.25 09:04:54.001,0.70779,0.70825,3.00,2.25
2011.04.25 09:04:54.331,0.70782,0.70828,2.25,2.25
2011.04.25 09:04:54.442,0.70781,0.70824,1.35,2.25
2011.04.25 09:04:56.214,0.70781,0.70824,1.35,2.25
2011.04.25 09:04:57.631,0.70781,0.70825,1.35,2.25
2011.04.25 09:04:58.294,0.70783,0.70827,2.25,2.25
2011.04.25 09:05:00.939,0.70781,0.70824,1.35,2.25
2011.04.25 09:05:01.481,0.70781,0.70823,1.35,2.25
2011.04.25 09:05:04.684,0.70788,0.70823,2.10,2.25
2011.04.25 09:05:04.900,0.70788,0.70855,2.10,2.10
2011.04.25 09:05:05.011,0.70783,0.70854,2.25,2.25
2011.04.25 09:05:06.010,0.70783,0.70854,3.00,2.25
2011.04.25 09:05:06.230,0.70785,0.70853,2.25,2.25
2011.04.25 09:05:06.575,0.70783,0.70854,2.25,2.25
2011.04.25 09:05:07.211,0.70782,0.70837,2.25,2.25
2011.04.25 09:05:12.370,0.7079,0.70838,2.25,2.25
2011.04.25 09:05:12.700,0.70795,0.70841,2.25,2.25
2011.04.25 09:05:20.000,0.70806,0.70873,2.10,2.10
2011.04.25 09:05:20.331,0.70801,0.7087,2.25,2.25
2011.04.25 09:05:21.934,0.70801,0.7087,3.00,2.25
2011.04.25 09:05:22.125,0.70801,0.70879,3.00,2.25
2011.04.25 09:05:28.360,0.70801,0.70879,2.25,2.25
2011.04.25 09:05:28.471,0.70801,0.70879,3.00,2.25
2011.04.25 09:05:28.593,0.70801,0.70879,3.00,2.25
2011.04.25 09:05:28.700,0.70801,0.70877,3.00,2.25
2011.04.25 09:05:29.031,0.708,0.70869,3.00,2.25
2011.04.25 09:05:29.733,0.708,0.70869,3.00,2.25
2011.04.25 09:05:32.203,0.70798,0.70867,2.25,2.25
2011.04.25 09:05:32.911,0.70798,0.70867,3.00,2.25
2011.04.25 09:05:33.020,0.70799,0.7087,3.00,2.25
2011.04.25 09:05:33.132,0.70798,0.70867,2.25,2.25
2011.04.25 09:05:33.530,0.70798,0.70867,3.00,2.25
2011.04.25 09:05:34.045,0.70798,0.70867,2.25,2.25
2011.04.25 09:05:45.850,0.70806,0.70868,2.25,2.25
2011.04.25 09:05:46.180,0.70821,0.70871,2.25,2.25
2011.04.25 09:05:47.280,0.70819,0.70868,2.25,2.25
2011.04.25 09:05:47.390,0.70821,0.70871,2.25,2.25
2011.04.25 09:05:52.091,0.70821,0.70836,2.25,2.10
2011.04.25 09:05:52.200,0.70766,0.70836,3.00,2.10
2011.04.25 09:05:52.311,0.70771,0.70818,3.00,2.25
2011.04.25 09:05:52.640,0.70771,0.7082,2.25,2.25
2011.04.25 09:05:52.971,0.70771,0.7082,2.25,2.85
2011.04.25 09:05:53.550,0.70763,0.70813,2.25,2.25
2011.04.25 09:06:01.692,0.70768,0.70816,2.25,2.85
2011.04.25 09:06:01.912,0.70775,0.70825,2.25,2.25
2011.04.25 09:06:02.021,0.70779,0.70826,2.25,2.25
2011.04.25 09:06:03.957,0.70777,0.70825,2.25,2.25
2011.04.25 09:06:05.660,0.7078,0.7083,2.25,2.85
2011.04.25 09:06:11.060,0.70778,0.70827,2.85,2.25
2011.04.25 09:06:12.100,0.70784,0.70829,2.25,2.25
2011.04.25 09:06:12.320,0.70779,0.70826,2.85,2.25
2011.04.25 09:06:13.555,0.70779,0.70826,3.60,2.25
2011.04.25 09:06:13.661,0.70781,0.70829,3.00,2.25
2011.04.25 09:06:14.588,0.70781,0.70829,3.00,2.25
2011.04.25 09:06:16.132,0.70781,0.70821,3.00,2.10
2011.04.25 09:06:16.240,0.70781,0.70821,2.25,2.10
2011.04.25 09:06:16.481,0.70782,0.70813,2.10,2.25
2011.04.25 09:06:16.750,0.70782,0.70829,2.85,2.85
2011.04.25 09:06:29.481,0.70787,0.70829,1.35,2.25
2011.04.25 09:06:29.801,0.70787,0.70853,1.35,2.85
2011.04.25 09:06:37.180,0.70783,0.70852,3.00,2.25
2011.04.25 09:06:37.290,0.70791,0.70853,2.25,2.25
2011.04.25 09:06:37.621,0.70799,0.70854,2.25,2.25
2011.04.25 09:06:38.722,0.708,0.70854,3.00,2.25
2011.04.25 09:06:39.780,0.708,0.70854,3.00,2.25
2011.04.25 09:06:40.701,0.708,0.70854,3.00,2.25
2011.04.25 09:06:43.414,0.708,0.70854,3.00,2.85
2011.04.25 09:06:43.901,0.7079,0.70836,3.00,2.25
2011.04.25 09:06:44.672,0.7079,0.70836,3.00,2.25
2011.04.25 09:06:48.088,0.70785,0.70831,3.00,2.25
2011.04.25 09:06:48.200,0.70785,0.70831,3.00,2.25
2011.04.25 09:06:48.470,0.70785,0.70831,2.25,2.25
2011.04.25 09:06:48.581,0.70774,0.70819,2.25,2.25
2011.04.25 09:06:53.259,0.70769,0.70816,2.25,2.25
2011.04.25 09:06:55.215,0.70769,0.70816,2.85,2.85
2011.04.25 09:06:56.445,0.7077,0.70814,2.85,2.25
2011.04.25 09:06:57.322,0.70767,0.70812,2.10,2.25
2011.04.25 09:07:02.040,0.70764,0.70812,2.85,2.25
2011.04.25 09:07:02.868,0.70763,0.70811,2.85,2.25
2011.04.25 09:07:10.743,0.70765,0.70813,2.85,2.25
2011.04.25 09:07:10.961,0.70767,0.70813,2.10,2.25
2011.04.25 09:07:11.071,0.70768,0.70816,2.85,2.25
2011.04.25 09:07:11.180,0.70769,0.70819,2.85,2.25
2011.04.25 09:07:13.182,0.70778,0.70826,2.25,2.25
2011.04.25 09:07:14.132,0.70778,0.70826,2.25,3.00
2011.04.25 09:07:14.362,0.70778,0.70826,2.25,2.25
2011.04.25 09:07:24.131,0.70778,0.70826,2.25,3.00
2011.04.25 09:07:24.906,0.70769,0.70819,4.35,2.25
2011.04.25 09:07:26.691,0.70769,0.70819,2.25,2.25
2011.04.25 09:07:28.122,0.70772,0.70819,2.25,2.25
2011.04.25 09:07:28.452,0.70769,0.70819,2.25,2.25
2011.04.25 09:07:35.052,0.70772,0.70819,2.25,2.25
2011.04.25 09:07:35.310,0.7077,0.70818,2.25,2.25
2011.04.25 09:07:45.250,0.70768,0.70818,2.25,2.25
2011.04.25 09:07:45.817,0.7077,0.70818,2.25,2.25
2011.04.25 09:07:46.625,0.70769,0.70817,2.25,2.25
2011.04.25 09:07:47.892,0.70766,0.7081,2.25,2.25
2011.04.25 09:07:48.693,0.70766,0.7081,3.00,2.25
2011.04.25 09:07:52.030,0.70767,0.70813,3.00,2.25
2011.04.25 09:07:52.632,0.70769,0.70813,2.25,2.25
2011.04.25 09:07:54.065,0.70767,0.70813,3.00,2.25
2011.04.25 09:07:54.170,0.70766,0.7081,3.00,2.25
2011.04.25 09:07:54.420,0.70768,0.70812,2.25,2.25
2011.04.25 09:08:05.730,0.70768,0.70812,3.00,2.25
2011.04.25 09:08:05.950,0.7077,0.70814,3.00,2.25
2011.04.25 09:08:07.291,0.70768,0.70814,2.25,2.25
2011.04.25 09:08:07.702,0.70775,0.70821,2.25,2.25
2011.04.25 09:08:10.761,0.7078,0.70824,2.25,2.25
2011.04.25 09:08:12.070,0.70776,0.7082,2.25,2.25
2011.04.25 09:08:14.180,0.7078,0.70824,2.25,2.25
2011.04.25 09:08:17.730,0.70782,0.70828,2.25,2.25
2011.04.25 09:08:43.551,0.70779,0.70823,2.85,2.25
2011.04.25 09:08:43.920,0.70777,0.70821,2.85,2.25
2011.04.25 09:08:59.427,0.70777,0.70821,2.25,2.25
2011.04.25 09:09:00.320,0.70772,0.70819,2.85,2.25
2011.04.25 09:09:00.643,0.70772,0.70819,2.25,2.85
2011.04.25 09:09:00.750,0.70764,0.70818,2.85,2.25
2011.04.25 09:09:00.981,0.70771,0.7082,2.25,2.25
2011.04.25 09:09:02.091,0.7077,0.70819,2.85,2.25
2011.04.25 09:09:02.926,0.70772,0.70819,2.25,2.25
2011.04.25 09:09:08.367,0.70771,0.70818,2.25,2.25
2011.04.25 09:09:11.774,0.70772,0.70819,2.25,2.25
2011.04.25 09:09:14.460,0.7077,0.70819,2.85,2.25
2011.04.25 09:09:32.015,0.70771,0.7082,2.25,2.25
2011.04.25 09:09:41.520,0.7077,0.70818,2.85,2.25
2011.04.25 09:09:49.060,0.70767,0.70814,3.60,2.25
2011.04.25 09:09:54.233,0.7077,0.70814,1.35,2.25
2011.04.25 09:09:54.843,0.70767,0.70814,3.60,2.25
2011.04.25 09:09:55.222,0.7077,0.70814,1.35,2.25
2011.04.25 09:09:56.151,0.70767,0.70814,2.85,2.25
2011.04.25 09:09:57.364,0.7077,0.70814,1.35,2.25
2011.04.25 09:09:57.693,0.7077,0.70814,1.35,2.25
2011.04.25 09:09:58.111,0.70775,0.70825,3.00,2.25
2011.04.25 09:09:59.012,0.70775,0.70825,3.00,2.25
2011.04.25 09:09:59.565,0.70776,0.70826,3.00,2.85
2011.04.25 09:09:59.784,0.70776,0.70824,3.00,2.25
2011.04.25 09:10:00.325,0.70776,0.70824,3.00,2.25
2011.04.25 09:10:01.314,0.70776,0.70824,3.00,2.25
2011.04.25 09:10:01.860,0.70776,0.70823,2.25,2.25
2011.04.25 09:10:15.515,0.70786,0.70834,2.25,2.25
2011.04.25 09:10:15.731,0.70786,0.70834,2.25,2.85
2011.04.25 09:10:15.841,0.70776,0.70823,2.25,2.25
2011.04.25 09:11:00.070,0.70771,0.70818,3.60,2.25
2011.04.25 09:11:00.611,0.70771,0.70818,3.60,2.25
2011.04.25 09:11:01.604,0.70771,0.70818,3.60,2.25
2011.04.25 09:11:04.353,0.70782,0.70818,2.10,2.25
2011.04.25 09:11:04.461,0.70789,0.70835,2.85,2.25
2011.04.25 09:11:04.571,0.70789,0.70834,2.25,2.10
2011.04.25 09:11:04.680,0.70775,0.70824,2.85,2.25
2011.04.25 09:11:24.652,0.70777,0.70825,2.85,2.25
2011.04.25 09:11:48.141,0.70776,0.70823,2.85,2.25
2011.04.25 09:11:48.423,0.70776,0.70826,2.85,2.85
2011.04.25 09:12:04.773,0.70776,0.70826,2.25,2.25
2011.04.25 09:13:02.260,0.70768,0.70818,2.85,2.25
2011.04.25 09:13:07.270,0.70772,0.70814,2.25,2.25
2011.04.25 09:13:25.780,0.70772,0.70814,2.85,2.25
2011.04.25 09:13:25.890,0.70779,0.70823,2.25,2.25
2011.04.25 09:13:27.189,0.7078,0.70823,2.25,2.25
2011.04.25 09:14:06.031,0.70776,0.70817,2.25,2.25
2011.04.25 09:14:13.613,0.70776,0.70814,2.25,2.25
2011.04.25 09:14:17.022,0.70775,0.70814,2.25,2.25
2011.04.25 09:14:17.691,0.70775,0.70815,2.25,2.25
2011.04.25 09:14:23.736,0.70775,0.70814,2.25,2.25
2011.04.25 09:14:26.891,0.70775,0.70815,2.25,2.25
2011.04.25 09:14:27.301,0.70776,0.70817,2.25,2.25
2011.04.25 09:14:29.960,0.70777,0.70816,2.25,2.25
2011.04.25 09:14:59.771,0.70777,0.70816,2.85,2.25
2011.04.25 09:14:59.880,0.70788,0.70825,2.25,2.25
2011.04.25 09:15:00.210,0.70782,0.70825,2.25,2.25
2011.04.25 09:15:15.180,0.70785,0.70832,2.25,2.25
2011.04.25 09:15:18.341,0.70787,0.70832,2.25,2.25
2011.04.25 09:15:55.370,0.70785,0.70832,2.25,2.25
2011.04.25 09:15:55.481,0.70781,0.7083,2.25,2.25
2011.04.25 09:15:56.217,0.7078,0.7083,2.25,2.25
2011.04.25 09:15:57.333,0.7078,0.70831,2.25,2.25
2011.04.25 09:16:00.844,0.70781,0.70829,2.25,2.25
2011.04.25 09:16:01.191,0.7078,0.70831,2.25,2.25
2011.04.25 09:16:13.310,0.70779,0.70825,2.25,2.25
2011.04.25 09:16:20.881,0.70775,0.70819,2.25,2.25
2011.04.25 09:16:21.330,0.70778,0.70821,2.25,2.25
2011.04.25 09:16:21.662,0.70776,0.70818,2.25,2.25
2011.04.25 09:16:22.074,0.70778,0.70819,2.25,2.25
2011.04.25 09:16:23.502,0.70779,0.7082,2.25,2.25
2011.04.25 09:16:24.402,0.70779,0.7082,2.85,2.25
2011.04.25 09:16:24.511,0.70788,0.7083,2.25,2.25
2011.04.25 09:16:24.620,0.70781,0.70822,2.85,2.25
2011.04.25 09:16:24.978,0.70779,0.7082,2.85,2.25
2011.04.25 09:16:25.841,0.7078,0.70825,2.85,2.25
2011.04.25 09:16:25.950,0.70785,0.70829,2.25,2.25
2011.04.25 09:16:26.171,0.7078,0.70827,2.85,2.25
2011.04.25 09:16:26.713,0.7078,0.70827,2.25,2.25
2011.04.25 09:16:27.978,0.70779,0.70828,2.25,2.25
2011.04.25 09:16:28.091,0.70784,0.70829,2.25,2.25
2011.04.25 09:16:28.201,0.70779,0.70828,2.25,2.25
2011.04.25 09:16:29.886,0.7078,0.70831,2.25,2.25
2011.04.25 09:16:30.131,0.70786,0.70831,2.25,2.25
2011.04.25 09:16:30.460,0.7078,0.70831,2.25,2.25
2011.04.25 09:16:36.081,0.7078,0.70827,2.25,2.25
2011.04.25 09:16:46.750,0.70794,0.70837,2.25,2.25
2011.04.25 09:16:50.926,0.70786,0.70835,2.25,2.25
2011.04.25 09:16:59.523,0.70786,0.70834,2.25,2.25
2011.04.25 09:17:09.592,0.7078,0.70831,2.25,2.25
2011.04.25 09:17:11.383,0.7078,0.70831,2.85,2.25
2011.04.25 09:17:11.601,0.7078,0.70831,2.25,2.25
2011.04.25 09:17:11.711,0.70785,0.70835,2.25,2.25
2011.04.25 09:17:11.844,0.70781,0.70834,2.25,2.25
2011.04.25 09:17:11.950,0.70786,0.70834,2.25,2.25
2011.04.25 09:17:12.282,0.70781,0.70834,2.25,2.25
2011.04.25 09:17:12.801,0.708,0.70842,2.25,2.25
2011.04.25 09:17:12.911,0.70785,0.70835,2.85,2.25
2011.04.25 09:17:13.021,0.7079,0.70833,2.25,2.25
2011.04.25 09:17:13.241,0.70784,0.7083,2.25,2.25
2011.04.25 09:17:13.350,0.70779,0.70829,2.85,2.25
2011.04.25 09:17:14.340,0.70781,0.70832,2.85,2.25
2011.04.25 09:17:16.161,0.70781,0.70834,2.25,2.25
2011.04.25 09:17:17.421,0.708,0.70842,2.25,2.25
2011.04.25 09:17:17.531,0.70782,0.70835,2.25,2.25
2011.04.25 09:17:17.641,0.7079,0.70833,2.25,2.25
2011.04.25 09:17:17.861,0.70784,0.7083,2.25,2.25
2011.04.25 09:17:17.970,0.70779,0.70829,2.25,2.25
2011.04.25 09:17:24.828,0.7078,0.70823,2.25,2.25
2011.04.25 09:17:38.871,0.70779,0.70829,2.25,2.25
2011.04.25 09:18:07.493,0.7078,0.70823,2.25,2.25
2011.04.25 09:18:10.463,0.70781,0.70823,2.25,2.25
2011.04.25 09:18:21.792,0.70781,0.70824,3.00,2.25
2011.04.25 09:18:24.984,0.70781,0.70823,3.00,2.25
2011.04.25 09:18:30.814,0.70782,0.70823,2.25,2.25
2011.04.25 09:18:32.891,0.70782,0.70825,3.00,2.25
2011.04.25 09:18:35.233,0.70782,0.70823,2.25,2.25
2011.04.25 09:18:37.215,0.70781,0.70823,2.25,2.25
2011.04.25 09:18:39.631,0.70783,0.70826,2.25,2.25
2011.04.25 09:18:39.851,0.70781,0.70823,2.25,2.25
2011.04.25 09:18:42.851,0.70779,0.70824,2.25,2.25
2011.04.25 09:18:48.681,0.70775,0.70819,2.25,2.25
2011.04.25 09:19:02.471,0.70775,0.70819,2.25,2.85
2011.04.25 09:19:02.691,0.7077,0.70814,2.25,2.85
2011.04.25 09:19:03.258,0.70769,0.70816,2.25,2.85
2011.04.25 09:19:13.601,0.70766,0.70814,2.25,2.85
2011.04.25 09:19:19.455,0.70767,0.70816,2.25,2.85
2011.04.25 09:19:21.021,0.70772,0.70816,2.25,2.85
2011.04.25 09:19:29.464,0.70772,0.70816,2.25,2.25
2011.04.25 09:19:29.680,0.70776,0.70817,2.25,2.25
2011.04.25 09:19:29.791,0.70773,0.70816,2.25,2.25
2011.04.25 09:19:46.045,0.70776,0.70817,2.25,2.25
2011.04.25 09:19:47.153,0.70781,0.70822,2.25,2.25
2011.04.25 09:19:49.581,0.70778,0.70816,2.25,2.25
2011.04.25 09:19:58.604,0.70778,0.70816,3.00,2.25
2011.04.25 09:20:02.734,0.70778,0.70816,2.25,2.25
2011.04.25 09:20:03.682,0.70763,0.70814,3.00,2.85
2011.04.25 09:20:06.146,0.70763,0.70814,2.25,2.85
2011.04.25 09:20:07.592,0.70762,0.7081,3.00,2.85
2011.04.25 09:20:07.812,0.70762,0.7081,3.00,2.85
2011.04.25 09:20:10.642,0.70762,0.7081,2.25,2.85
2011.04.25 09:20:13.246,0.70762,0.7081,3.00,2.85
2011.04.25 09:20:13.791,0.70764,0.70805,3.00,2.25
2011.04.25 09:20:14.724,0.70764,0.70805,2.25,2.25
2011.04.25 09:20:18.462,0.70762,0.70805,2.25,2.25
2011.04.25 09:20:18.572,0.70761,0.70802,2.25,2.25
2011.04.25 09:20:24.976,0.70761,0.70802,3.00,2.25
2011.04.25 09:20:25.378,0.70763,0.70804,2.25,2.25
2011.04.25 09:20:27.971,0.70763,0.70821,2.25,2.85
2011.04.25 09:20:28.703,0.70763,0.70821,3.00,2.85
2011.04.25 09:20:31.565,0.70763,0.70821,3.00,2.85
2011.04.25 09:20:31.892,0.70762,0.70805,2.25,2.25
2011.04.25 09:20:47.144,0.70762,0.70805,3.00,2.25
2011.04.25 09:20:48.782,0.70762,0.70805,2.25,2.25
2011.04.25 09:20:49.713,0.70762,0.70805,3.00,2.25
2011.04.25 09:20:50.505,0.70762,0.70805,3.00,2.25
2011.04.25 09:20:51.582,0.70762,0.70805,3.00,2.25
2011.04.25 09:20:55.353,0.70763,0.70806,2.25,2.25
2011.04.25 09:20:55.715,0.70763,0.70806,3.00,2.25
2011.04.25 09:20:57.196,0.70763,0.70806,3.00,2.25
2011.04.25 09:20:57.952,0.70765,0.70806,3.00,2.25
2011.04.25 09:20:58.292,0.70763,0.70806,2.25,2.25
2011.04.25 09:20:58.402,0.70763,0.70804,2.25,2.25
2011.04.25 09:21:01.512,0.70763,0.70806,2.25,2.25
2011.04.25 09:21:04.426,0.70762,0.70805,2.25,2.25
2011.04.25 09:21:16.191,0.70764,0.70805,2.25,2.25
2011.04.25 09:21:16.802,0.70763,0.70804,2.25,2.25
2011.04.25 09:21:22.583,0.70758,0.70801,2.25,2.25
2011.04.25 09:21:30.613,0.70758,0.70802,2.25,2.25
2011.04.25 09:21:40.736,0.70759,0.70803,2.25,2.25
2011.04.25 09:21:43.704,0.70759,0.70801,2.25,2.25
2011.04.25 09:21:44.906,0.70759,0.70803,2.25,2.25
2011.04.25 09:21:46.645,0.70759,0.70803,3.00,2.25
2011.04.25 09:21:50.062,0.7076,0.70803,2.25,2.25
2011.04.25 09:21:51.713,0.70758,0.70802,2.25,2.25
2011.04.25 09:21:52.946,0.70758,0.70801,2.25,2.25
2011.04.25 09:21:56.395,0.70759,0.70801,2.25,2.25
2011.04.25 09:21:57.341,0.70759,0.708,2.25,2.25
2011.04.25 09:22:20.441,0.70756,0.70799,2.25,2.25
2011.04.25 09:22:38.655,0.70755,0.70798,2.25,2.25
2011.04.25 09:22:38.766,0.70757,0.70798,2.25,2.25
2011.04.25 09:22:59.043,0.70757,0.70798,3.00,2.25
2011.04.25 09:22:59.306,0.70757,0.70798,2.25,2.25
2011.04.25 09:22:59.746,0.70757,0.70798,3.00,2.25
2011.04.25 09:22:59.864,0.70757,0.70798,3.00,2.25
2011.04.25 09:23:00.991,0.7075,0.70794,2.25,2.25
2011.04.25 09:23:01.211,0.70749,0.70792,2.25,2.25
2011.04.25 09:23:01.321,0.70745,0.70793,2.25,2.25
2011.04.25 09:23:01.431,0.70748,0.70792,2.25,2.25
2011.04.25 09:23:03.344,0.70746,0.70792,2.25,2.25
2011.04.25 09:23:34.122,0.70748,0.70792,2.25,2.25
2011.04.25 09:23:34.336,0.70746,0.70792,2.25,2.25
2011.04.25 09:23:38.812,0.70746,0.70796,2.25,2.25
2011.04.25 09:23:45.414,0.70742,0.70789,2.25,2.25
2011.04.25 09:23:51.219,0.70742,0.70786,2.25,2.25
2011.04.25 09:23:51.322,0.70742,0.70789,2.25,2.25
2011.04.25 09:23:59.256,0.70742,0.70789,3.00,2.25
2011.04.25 09:23:59.776,0.70745,0.7079,3.00,2.25
2011.04.25 09:24:05.304,0.70745,0.7079,2.25,2.25
2011.04.25 09:24:09.376,0.70745,0.7079,3.00,2.25
2011.04.25 09:24:15.992,0.70745,0.7079,2.25,2.25
2011.04.25 09:24:16.102,0.70723,0.70768,3.00,2.25
2011.04.25 09:24:16.543,0.70723,0.70768,2.25,2.25
2011.04.25 09:24:19.585,0.70721,0.70767,3.00,2.25
2011.04.25 09:24:21.382,0.70723,0.70767,2.25,2.25
2011.04.25 09:24:23.086,0.70722,0.70766,2.25,2.25
2011.04.25 09:24:24.745,0.70723,0.70767,2.25,2.25
2011.04.25 09:24:29.403,0.70723,0.70767,3.00,2.25
2011.04.25 09:24:30.123,0.70731,0.7077,2.25,2.25
2011.04.25 09:24:39.744,0.70731,0.7077,2.85,2.25
2011.04.25 09:24:45.686,0.70741,0.7077,2.10,2.25
2011.04.25 09:24:45.903,0.70741,0.70788,2.10,2.85
2011.04.25 09:24:46.014,0.7074,0.70788,2.25,2.25
2011.04.25 09:24:46.123,0.70738,0.70782,2.25,2.25
2011.04.25 09:24:52.983,0.7074,0.70788,2.25,2.25
2011.04.25 09:25:08.615,0.70739,0.70781,2.25,2.25
2011.04.25 09:26:03.863,0.70722,0.7078,2.25,2.25
2011.04.25 09:26:11.143,0.70723,0.70771,2.25,2.25
2011.04.25 09:26:11.563,0.70721,0.70764,2.25,2.25
2011.04.25 09:26:18.613,0.70719,0.70756,2.25,2.25
2011.04.25 09:26:20.875,0.70716,0.70754,2.25,2.25
2011.04.25 09:26:21.314,0.70715,0.70752,2.85,2.25
2011.04.25 09:26:21.813,0.70714,0.70755,2.25,2.25
2011.04.25 09:26:23.113,0.70719,0.7076,2.25,2.25
2011.04.25 09:27:10.155,0.70715,0.70754,2.25,2.25
2011.04.25 09:27:14.313,0.70719,0.7076,2.25,2.25
2011.04.25 09:27:24.944,0.70711,0.70759,3.00,2.25
2011.04.25 09:27:25.068,0.70719,0.7076,2.25,2.25
2011.04.25 09:27:25.314,0.70711,0.70759,2.25,2.25
2011.04.25 09:27:26.800,0.70711,0.70759,3.00,2.25
2011.04.25 09:27:26.943,0.7071,0.70761,3.00,2.25
2011.04.25 09:27:28.914,0.7071,0.70761,3.00,2.85
2011.04.25 09:27:29.024,0.7071,0.70761,3.00,2.85
2011.04.25 09:27:29.186,0.7071,0.70761,3.00,2.85
2011.04.25 09:27:29.398,0.7071,0.70761,3.00,2.85
2011.04.25 09:27:30.157,0.7071,0.70761,2.25,2.85
2011.04.25 09:27:30.276,0.7071,0.70761,3.00,2.85
2011.04.25 09:27:34.228,0.7071,0.70761,2.25,2.85
2011.04.25 09:27:35.105,0.7071,0.70761,3.00,2.85
2011.04.25 09:27:35.545,0.70712,0.70762,3.00,2.85
2011.04.25 09:27:35.745,0.70715,0.70764,2.25,2.85
2011.04.25 09:27:36.645,0.70715,0.70764,3.00,2.85
2011.04.25 09:27:41.705,0.70715,0.70764,3.00,2.85
2011.04.25 09:27:42.306,0.70714,0.70762,3.00,2.85
2011.04.25 09:27:43.904,0.70714,0.70762,3.00,2.85
2011.04.25 09:27:44.674,0.70714,0.70762,3.00,2.85
2011.04.25 09:27:47.538,0.70714,0.70762,3.00,2.85
2011.04.25 09:27:56.774,0.70714,0.70742,2.25,2.10
2011.04.25 09:27:56.993,0.70702,0.70741,3.00,2.85
2011.04.25 09:27:57.104,0.70715,0.70742,2.25,2.10
2011.04.25 09:27:57.214,0.70715,0.70764,2.85,2.85
2011.04.25 09:27:57.324,0.70722,0.70765,2.25,2.85
2011.04.25 09:28:00.734,0.70722,0.7076,2.25,2.10
2011.04.25 09:28:00.843,0.70715,0.70754,3.00,2.85
2011.04.25 09:28:01.063,0.70711,0.70749,3.00,2.25
2011.04.25 09:28:03.744,0.70711,0.70749,3.00,2.25
2011.04.25 09:28:22.624,0.70711,0.70749,2.25,2.25
2011.04.25 09:28:22.735,0.70711,0.70749,2.25,2.85
2011.04.25 09:28:22.843,0.70706,0.70746,3.00,2.85
2011.04.25 09:28:33.320,0.70705,0.70743,3.00,2.25
2011.04.25 09:28:35.000,0.70705,0.70742,3.00,2.25
2011.04.25 09:28:35.214,0.70709,0.70748,2.25,2.85
2011.04.25 09:28:36.186,0.70708,0.70748,2.25,2.85
2011.04.25 09:28:37.979,0.70708,0.70748,3.00,2.85
2011.04.25 09:28:51.794,0.70713,0.70751,2.25,2.85
2011.04.25 09:28:52.905,0.70713,0.70751,3.00,2.85
2011.04.25 09:28:53.237,0.70713,0.70751,2.25,2.85
2011.04.25 09:29:01.207,0.70713,0.70751,3.00,2.85
2011.04.25 09:29:01.329,0.70713,0.70751,2.25,2.85
2011.04.25 09:29:21.567,0.70713,0.70751,3.00,2.85
2011.04.25 09:29:21.835,0.70714,0.70752,2.25,2.85
2011.04.25 09:29:22.185,0.70712,0.70752,3.00,2.85
2011.04.25 09:29:24.314,0.70712,0.70752,3.00,2.85
2011.04.25 09:29:28.305,0.70714,0.70752,3.00,2.25
2011.04.25 09:29:36.525,0.70714,0.70752,2.25,2.25
2011.04.25 09:29:36.858,0.70712,0.70752,2.25,2.25
2011.04.25 09:29:42.393,0.70716,0.70757,2.25,2.85
2011.04.25 09:29:42.915,0.70717,0.70757,2.25,2.85
2011.04.25 09:29:43.796,0.70714,0.70752,2.25,2.25
2011.04.25 09:29:44.564,0.70722,0.7076,2.85,2.25
2011.04.25 09:29:44.894,0.70717,0.70757,2.85,2.25
2011.04.25 09:29:45.354,0.70714,0.70752,2.85,2.25
2011.04.25 09:29:45.463,0.70717,0.70757,2.85,2.25
2011.04.25 09:29:45.573,0.70714,0.70752,2.85,2.25
2011.04.25 09:29:45.684,0.70714,0.70752,2.25,2.85
2011.04.25 09:29:57.018,0.70713,0.70751,2.25,2.25
2011.04.25 09:30:07.029,0.70712,0.70749,3.00,2.25
2011.04.25 09:30:12.174,0.70709,0.70749,2.25,2.25
2011.04.25 09:30:32.198,0.7071,0.7075,2.25,2.25
2011.04.25 09:30:32.959,0.70708,0.7075,2.25,2.25
2011.04.25 09:30:41.857,0.7071,0.7075,2.25,2.25
2011.04.25 09:31:01.434,0.70707,0.70749,2.25,2.25
2011.04.25 09:31:01.616,0.70705,0.70749,2.25,2.25
2011.04.25 09:31:01.724,0.70707,0.70747,2.25,2.25
2011.04.25 09:31:01.834,0.70709,0.70753,2.25,2.25
2011.04.25 09:31:02.164,0.70713,0.70756,2.25,2.25
2011.04.25 09:31:02.895,0.70712,0.70756,2.25,2.25
2011.04.25 09:31:04.362,0.70714,0.70756,2.25,2.25
2011.04.25 09:31:05.679,0.70716,0.70758,2.25,2.25
2011.04.25 09:31:08.426,0.70713,0.70757,2.25,2.25
2011.04.25 09:31:25.653,0.70711,0.70757,2.25,2.25
2011.04.25 09:31:27.304,0.70711,0.70757,3.00,2.25
2011.04.25 09:31:28.957,0.70712,0.70758,2.25,2.25
2011.04.25 09:31:29.393,0.70708,0.70754,2.25,2.25
2011.04.25 09:32:01.168,0.70708,0.70754,3.00,2.25
2011.04.25 09:32:01.733,0.70712,0.70755,2.25,2.25
2011.04.25 09:32:03.284,0.70713,0.70754,2.25,2.25
2011.04.25 09:32:04.827,0.70712,0.70755,4.00,2.25
2011.04.25 09:32:06.457,0.70712,0.70755,4.00,2.25
2011.04.25 09:32:07.156,0.70717,0.70755,2.25,2.25
2011.04.25 09:32:16.134,0.70714,0.70752,2.25,2.25
2011.04.25 09:32:16.533,0.70714,0.70754,3.00,2.25
2011.04.25 09:32:17.693,0.70714,0.70754,3.00,2.25
2011.04.25 09:32:31.656,0.70714,0.70754,2.25,2.25
2011.04.25 09:32:31.964,0.70713,0.70751,3.00,2.25
2011.04.25 09:32:32.525,0.70713,0.70751,2.25,2.25
2011.04.25 09:32:33.324,0.70713,0.70751,3.00,2.25
2011.04.25 09:32:33.434,0.70713,0.70751,2.25,2.25
2011.04.25 09:32:34.058,0.70712,0.70751,2.25,2.25
2011.04.25 09:32:42.744,0.70712,0.70752,3.00,2.25
2011.04.25 09:32:46.375,0.70712,0.70752,3.00,2.25
2011.04.25 09:32:46.924,0.70713,0.70753,3.00,2.25
2011.04.25 09:33:03.313,0.70715,0.70754,3.00,2.25
2011.04.25 09:33:04.104,0.70715,0.70754,3.00,2.25
2011.04.25 09:33:04.674,0.70715,0.70754,3.00,2.25
2011.04.25 09:33:05.675,0.70715,0.70754,2.25,2.25
2011.04.25 09:33:05.894,0.70718,0.70756,2.25,2.25
2011.04.25 09:33:06.286,0.70715,0.70753,2.25,2.25
2011.04.25 09:33:07.644,0.70715,0.70753,3.00,2.25
2011.04.25 09:33:09.588,0.70718,0.70756,2.25,2.25
2011.04.25 09:33:09.889,0.70718,0.70756,3.00,2.25
2011.04.25 09:33:10.304,0.70718,0.70756,2.25,2.25
2011.04.25 09:33:13.513,0.70718,0.70756,3.00,2.25
2011.04.25 09:33:13.628,0.70718,0.70756,2.25,2.25
2011.04.25 09:33:13.962,0.70718,0.70756,3.00,2.25
2011.04.25 09:33:14.758,0.70719,0.70757,3.00,2.25
2011.04.25 09:33:15.526,0.70719,0.70757,3.00,2.85
2011.04.25 09:33:16.598,0.70719,0.70758,2.25,2.85
2011.04.25 09:33:16.704,0.70719,0.70758,3.00,2.85
2011.04.25 09:33:17.475,0.70719,0.70758,2.25,2.85
2011.04.25 09:33:17.723,0.70708,0.70748,2.85,2.25
2011.04.25 09:33:18.054,0.70708,0.70748,2.25,2.25
2011.04.25 09:33:18.164,0.70707,0.70746,2.85,2.25
2011.04.25 09:33:18.494,0.70702,0.70741,2.85,2.25
2011.04.25 09:33:20.696,0.70704,0.70744,2.85,2.25
2011.04.25 09:33:21.135,0.70706,0.70746,2.85,2.25
2011.04.25 09:33:22.535,0.70706,0.70746,2.25,2.25
2011.04.25 09:33:22.755,0.70708,0.70745,2.25,2.25
2011.04.25 09:33:22.865,0.70708,0.70747,2.25,2.25
2011.04.25 09:33:24.896,0.70709,0.70747,2.25,2.25
2011.04.25 09:33:25.004,0.70705,0.70743,3.00,2.25
2011.04.25 09:33:25.821,0.70705,0.70743,2.25,2.25
2011.04.25 09:33:27.956,0.70705,0.70743,2.25,2.85
2011.04.25 09:33:29.483,0.70706,0.70743,2.25,2.85
2011.04.25 09:33:30.419,0.70707,0.70744,2.25,2.85
2011.04.25 09:33:31.479,0.70705,0.70744,2.25,2.85
2011.04.25 09:33:31.585,0.70702,0.70742,2.25,2.85
2011.04.25 09:33:32.136,0.70704,0.70742,2.25,2.85
2011.04.25 09:33:33.347,0.70702,0.70742,3.00,2.85
2011.04.25 09:33:37.198,0.70703,0.70743,2.25,2.85
2011.04.25 09:33:44.239,0.70703,0.70741,2.25,2.25
2011.04.25 09:33:44.676,0.70701,0.70739,2.85,2.25
2011.04.25 09:33:45.007,0.70702,0.70741,2.25,2.25
2011.04.25 09:33:45.116,0.70701,0.70739,2.85,2.25
2011.04.25 09:33:51.814,0.70701,0.70739,2.25,2.85
2011.04.25 09:33:51.924,0.70679,0.70735,2.85,2.85
2011.04.25 09:33:52.254,0.70695,0.70736,2.25,2.25
2011.04.25 09:34:08.654,0.70698,0.70739,2.25,2.25
2011.04.25 09:34:08.764,0.70695,0.70738,2.25,2.25
2011.04.25 09:34:25.147,0.70695,0.70736,2.25,2.25
2011.04.25 09:34:30.206,0.70694,0.70737,2.25,2.25
2011.04.25 09:34:31.638,0.70693,0.70737,2.25,2.25
2011.04.25 09:35:03.756,0.70695,0.70736,2.25,2.25
2011.04.25 09:35:04.376,0.70696,0.70737,2.25,2.25
2011.04.25 09:35:04.488,0.70698,0.70742,2.25,2.25
2011.04.25 09:35:09.225,0.70696,0.70739,2.25,2.25
2011.04.25 09:35:14.394,0.70698,0.70742,2.25,2.25
2011.04.25 09:35:17.507,0.70705,0.70746,2.25,2.25
2011.04.25 09:35:18.608,0.70705,0.70749,2.25,2.25
2011.04.25 09:35:18.937,0.70704,0.70747,2.25,2.25
2011.04.25 09:35:24.664,0.70703,0.70746,2.25,2.25
2011.04.25 09:35:26.294,0.70704,0.70747,2.25,2.25
2011.04.25 09:35:31.924,0.70704,0.70747,3.00,2.25
2011.04.25 09:35:33.563,0.7071,0.70749,2.25,2.25
2011.04.25 09:35:34.005,0.70709,0.70747,2.25,2.25
2011.04.25 09:35:34.115,0.70703,0.70743,2.25,2.25
2011.04.25 09:35:34.225,0.70698,0.70737,3.00,2.25
2011.04.25 09:35:34.562,0.70697,0.70735,3.00,2.25
2011.04.25 09:35:34.677,0.70697,0.70735,2.25,2.25
2011.04.25 09:35:34.785,0.70697,0.70735,3.00,2.25
2011.04.25 09:35:34.895,0.707,0.70741,3.00,2.25
2011.04.25 09:35:35.005,0.70696,0.70736,3.00,2.25
2011.04.25 09:35:36.365,0.70696,0.70736,3.00,2.25
2011.04.25 09:35:37.577,0.70696,0.70736,3.00,2.25
2011.04.25 09:35:37.794,0.70698,0.70735,2.25,2.25
2011.04.25 09:35:38.584,0.70696,0.70736,3.00,2.25
2011.04.25 09:35:39.005,0.70697,0.70735,3.00,2.25
2011.04.25 09:35:43.465,0.70697,0.70736,3.00,2.25
2011.04.25 09:35:44.322,0.70697,0.70735,3.00,2.25
2011.04.25 09:35:47.037,0.70697,0.70735,2.25,2.25
2011.04.25 09:35:53.165,0.70696,0.70734,2.25,2.25
2011.04.25 09:35:53.275,0.70695,0.70732,2.25,2.25
2011.04.25 09:35:55.984,0.70692,0.70732,2.25,2.25
2011.04.25 09:35:58.167,0.70692,0.70732,3.00,2.25
2011.04.25 09:35:58.424,0.70694,0.70731,2.25,2.25
2011.04.25 09:36:01.341,0.70691,0.70731,2.25,2.25
2011.04.25 09:36:01.575,0.70694,0.70737,2.25,2.25
2011.04.25 09:36:01.796,0.70691,0.70731,3.00,2.25
2011.04.25 09:36:02.346,0.70691,0.70731,2.25,2.25
2011.04.25 09:36:02.624,0.70694,0.70737,2.25,2.25
2011.04.25 09:36:02.844,0.70692,0.7073,2.25,2.25
2011.04.25 09:36:05.765,0.70696,0.70735,2.25,2.25
2011.04.25 09:36:06.094,0.70701,0.70739,2.25,2.25
2011.04.25 09:36:07.836,0.707,0.70738,2.25,2.25
2011.04.25 09:36:10.600,0.70701,0.70739,2.25,2.25
2011.04.25 09:36:14.365,0.70696,0.70734,3.00,2.25
2011.04.25 09:36:22.617,0.70696,0.70734,3.00,2.25
2011.04.25 09:36:23.717,0.70696,0.70734,3.00,2.25
2011.04.25 09:36:26.974,0.70694,0.70733,2.85,2.25
2011.04.25 09:36:30.454,0.70696,0.70738,2.25,2.25
2011.04.25 09:36:30.704,0.70699,0.70739,2.25,2.25
2011.04.25 09:36:42.368,0.70699,0.70738,2.25,2.25
2011.04.25 09:36:52.235,0.70696,0.70734,2.25,2.25
2011.04.25 09:36:53.995,0.70699,0.70739,2.25,2.25
2011.04.25 09:36:55.695,0.70705,0.70742,2.25,2.25
2011.04.25 09:37:27.644,0.707,0.70738,2.25,2.25
2011.04.25 09:37:28.695,0.70699,0.70739,2.25,2.25
2011.04.25 09:37:41.185,0.707,0.7074,2.25,2.25
2011.04.25 09:37:41.786,0.70699,0.70739,2.25,2.25
2011.04.25 09:37:44.921,0.70695,0.70738,2.25,2.25
2011.04.25 09:37:52.607,0.70695,0.70738,3.00,2.25
2011.04.25 09:37:52.714,0.70695,0.70738,2.25,2.25
2011.04.25 09:37:52.826,0.70695,0.70738,3.00,2.25
2011.04.25 09:37:53.154,0.70699,0.70739,2.25,2.25
2011.04.25 09:37:53.264,0.70699,0.70739,3.00,2.25
2011.04.25 09:37:53.378,0.70699,0.70739,2.25,2.25
2011.04.25 09:37:54.090,0.70699,0.70739,3.00,2.25
2011.04.25 09:37:54.369,0.70699,0.70739,2.25,2.25
2011.04.25 09:37:56.678,0.70699,0.70739,3.00,2.25
2011.04.25 09:38:02.616,0.70699,0.70739,3.00,2.25
2011.04.25 09:38:02.739,0.70699,0.70739,3.00,2.25
2011.04.25 09:38:05.258,0.70699,0.70739,2.25,2.25
2011.04.25 09:38:36.804,0.70699,0.70739,2.25,2.25
2011.04.25 09:38:36.914,0.70696,0.70736,3.00,2.25
2011.04.25 09:38:37.244,0.70696,0.70734,2.25,2.25
2011.04.25 09:38:37.835,0.70696,0.70734,3.00,2.25
2011.04.25 09:38:37.944,0.70696,0.70736,3.00,2.25
2011.04.25 09:38:38.055,0.707,0.70739,1.35,2.25
2011.04.25 09:38:39.216,0.707,0.70739,1.35,2.25
2011.04.25 09:38:43.337,0.707,0.70738,3.60,2.25
2011.04.25 09:38:43.764,0.70701,0.70745,3.00,2.25
2011.04.25 09:38:43.874,0.70701,0.7075,3.00,2.85
2011.04.25 09:38:44.204,0.70701,0.70753,3.00,2.25
2011.04.25 09:38:46.196,0.70703,0.70754,2.25,2.25
2011.04.25 09:38:46.307,0.70702,0.70761,2.25,2.25
2011.04.25 09:38:55.864,0.70702,0.70761,3.00,2.25
2011.04.25 09:38:56.486,0.70708,0.70761,2.25,2.25
2011.04.25 09:39:06.326,0.70704,0.70757,2.25,2.25
2011.04.25 09:39:06.654,0.70702,0.70756,2.25,2.25
2011.04.25 09:39:16.624,0.70699,0.70748,2.25,2.25
2011.04.25 09:39:17.655,0.70704,0.70749,2.25,2.25
2011.04.25 09:39:36.784,0.70704,0.7075,2.25,2.25
2011.04.25 09:39:38.108,0.70703,0.7075,2.25,2.25
2011.04.25 09:40:03.924,0.70699,0.70737,2.85,2.25
2011.04.25 09:40:04.255,0.70696,0.70734,2.10,2.25
2011.04.25 09:40:32.025,0.70702,0.7074,2.85,2.25
2011.04.25 09:40:52.474,0.70702,0.7074,2.25,2.25
2011.04.25 09:40:52.694,0.70691,0.70734,2.25,2.25
2011.04.25 09:41:05.325,0.70691,0.70734,3.60,2.25
2011.04.25 09:41:05.434,0.70699,0.70743,2.25,2.25
2011.04.25 09:41:09.065,0.70695,0.70737,2.25,2.25
2011.04.25 09:41:15.094,0.70692,0.70732,2.25,2.25
2011.04.25 09:41:34.586,0.70694,0.70731,2.25,2.25
2011.04.25 09:42:11.296,0.7068,0.70728,2.25,2.85
2011.04.25 09:42:11.625,0.70685,0.70723,2.25,2.25
2011.04.25 09:42:25.026,0.7068,0.70718,2.25,2.25
2011.04.25 09:42:26.256,0.70684,0.70724,2.25,2.25
2011.04.25 09:43:33.677,0.70684,0.70724,3.00,2.25
2011.04.25 09:44:06.338,0.70686,0.70724,1.35,2.25
2011.04.25 09:44:06.578,0.7069,0.70729,2.85,2.25
2011.04.25 09:44:06.788,0.70694,0.70733,2.25,2.85
2011.04.25 09:44:17.756,0.70692,0.70732,2.25,2.85
2011.04.25 09:45:03.503,0.70694,0.70731,2.25,2.85
2011.04.25 09:45:06.796,0.70695,0.70732,2.25,2.25
2011.04.25 09:45:07.596,0.70695,0.70733,2.85,2.25
2011.04.25 09:45:08.568,0.70696,0.70734,2.25,2.25
2011.04.25 09:45:08.876,0.70696,0.70734,2.85,2.25
2011.04.25 09:45:09.106,0.707,0.70738,2.85,2.25
2011.04.25 09:45:09.217,0.707,0.7074,2.85,2.25
2011.04.25 09:45:10.224,0.70703,0.70741,2.25,2.25
2011.04.25 09:45:21.448,0.70703,0.70732,2.25,2.10
2011.04.25 09:45:21.717,0.70703,0.70741,2.25,4.35
2011.04.25 09:45:21.827,0.70694,0.70732,2.10,2.25
2011.04.25 09:45:21.938,0.70694,0.70728,2.10,2.25
2011.04.25 09:45:22.047,0.70703,0.7074,2.25,2.25
2011.04.25 09:45:22.727,0.70699,0.70739,2.85,2.25
2011.04.25 09:45:25.848,0.70699,0.70733,2.25,2.10
2011.04.25 09:45:26.177,0.70692,0.7073,2.25,2.25
2011.04.25 09:45:26.498,0.70692,0.70732,2.25,2.25
2011.04.25 09:45:26.826,0.70692,0.7073,2.25,2.25
2011.04.25 09:45:27.156,0.70696,0.70735,2.25,2.85
2011.04.25 09:45:27.777,0.70691,0.70731,2.85,2.25
2011.04.25 09:45:28.106,0.70686,0.70727,2.85,2.25
2011.04.25 09:45:28.767,0.70686,0.70727,2.25,2.85
2011.04.25 09:45:29.096,0.70682,0.70722,2.85,2.25
2011.04.25 09:45:30.158,0.70674,0.70712,1.35,2.25
2011.04.25 09:45:30.410,0.70674,0.70712,1.35,2.25
2011.04.25 09:45:31.575,0.70674,0.70712,1.35,2.25
2011.04.25 09:45:32.442,0.70674,0.70711,1.35,2.25
2011.04.25 09:45:33.787,0.70674,0.70711,1.35,2.25
2011.04.25 09:45:54.896,0.70674,0.70709,1.35,2.25
2011.04.25 09:45:55.949,0.70671,0.70709,3.00,2.85
2011.04.25 09:45:56.056,0.70671,0.70709,3.00,2.85
2011.04.25 09:45:56.225,0.70671,0.70709,3.00,2.85
2011.04.25 09:46:01.561,0.70671,0.70709,3.00,2.85
2011.04.25 09:46:02.266,0.70668,0.70707,1.35,2.25
2011.04.25 09:46:02.376,0.70667,0.70707,2.85,2.25
2011.04.25 09:46:05.413,0.70667,0.70707,2.85,2.25
2011.04.25 09:46:05.627,0.70666,0.70705,1.35,2.25
2011.04.25 09:46:05.737,0.70669,0.70709,2.85,2.25
2011.04.25 09:46:05.956,0.70669,0.70712,2.85,2.25
2011.04.25 09:46:06.223,0.70669,0.70712,3.60,2.25
2011.04.25 09:46:06.539,0.70676,0.70714,2.25,2.25
2011.04.25 09:46:07.497,0.70676,0.70714,3.00,2.25
2011.04.25 09:46:08.741,0.70676,0.70716,3.00,2.25
2011.04.25 09:46:11.068,0.70676,0.70716,3.00,2.25
2011.04.25 09:46:11.176,0.70675,0.70713,3.00,2.25
2011.04.25 09:46:11.286,0.70677,0.70716,2.25,2.25
2011.04.25 09:46:11.798,0.70677,0.70717,2.25,2.25
2011.04.25 09:46:12.326,0.70674,0.70714,2.25,2.25
2011.04.25 09:46:15.080,0.70674,0.70714,3.00,2.25
2011.04.25 09:46:15.428,0.70678,0.70716,2.25,2.25
2011.04.25 09:46:15.646,0.70678,0.7072,2.25,2.25
2011.04.25 09:46:16.086,0.70677,0.70728,3.00,2.85
2011.04.25 09:46:16.197,0.70677,0.70728,2.25,2.25
2011.04.25 09:46:17.719,0.70677,0.70728,3.00,2.25
2011.04.25 09:46:19.478,0.70677,0.70728,2.25,2.25
2011.04.25 09:46:24.256,0.70677,0.70728,2.25,2.85
2011.04.25 09:46:24.797,0.70673,0.70713,2.25,2.25
2011.04.25 09:46:26.141,0.70673,0.70713,3.00,2.25
2011.04.25 09:46:26.470,0.70673,0.70713,2.25,2.25
2011.04.25 09:46:26.669,0.70673,0.70713,2.85,2.25
2011.04.25 09:46:26.886,0.70678,0.70727,2.85,2.25
2011.04.25 09:46:27.217,0.70677,0.7072,2.25,2.25
2011.04.25 09:46:27.326,0.70677,0.70728,2.25,2.25
2011.04.25 09:46:31.248,0.70677,0.70728,3.00,2.25
2011.04.25 09:46:42.506,0.70677,0.70728,3.00,2.85
2011.04.25 09:46:42.616,0.70673,0.70713,3.00,2.25
2011.04.25 09:46:43.671,0.70673,0.70713,2.25,2.25
2011.04.25 09:46:45.456,0.70673,0.70713,3.00,2.25
2011.04.25 09:46:45.676,0.70677,0.70728,3.60,2.85
2011.04.25 09:46:46.006,0.70677,0.70728,3.00,2.25
2011.04.25 09:46:46.469,0.7068,0.70728,2.25,2.25
2011.04.25 09:46:46.893,0.7068,0.70728,3.00,2.25
2011.04.25 09:46:53.031,0.7068,0.70728,2.25,2.25
2011.04.25 09:46:55.890,0.7068,0.70728,3.00,2.25
2011.04.25 09:46:56.140,0.70681,0.70731,3.00,2.25
2011.04.25 09:47:11.519,0.70681,0.70731,2.25,2.25
2011.04.25 09:47:11.627,0.70679,0.70729,2.25,2.25
2011.04.25 09:47:28.747,0.70676,0.70728,3.00,2.25
2011.04.25 09:47:36.170,0.70682,0.70728,2.10,2.25
2011.04.25 09:47:36.277,0.70682,0.70769,2.10,1.35
2011.04.25 09:47:36.496,0.70669,0.70765,1.35,2.10
2011.04.25 09:47:36.827,0.7068,0.7079,2.10,2.10
2011.04.25 09:48:37.029,0.70681,0.70799,0.75,0.75
2011.04.25 09:48:46.790,0.70681,0.70794,0.75,0.75
2011.04.25 09:48:46.910,0.70681,0.70799,0.75,0.75
2011.04.25 09:48:58.337,0.70686,0.70799,0.75,0.75
2011.04.25 09:48:58.670,0.70682,0.70798,0.75,0.75
2011.04.25 09:49:04.291,0.70686,0.70799,0.75,0.75
2011.04.25 09:49:04.396,0.70687,0.70803,0.75,0.75
2011.04.25 09:49:05.818,0.70686,0.70799,0.75,0.75
2011.04.25 09:49:06.150,0.70686,0.70804,0.75,0.75
2011.04.25 09:49:06.640,0.70687,0.70798,0.75,0.75
2011.04.25 09:49:07.278,0.70686,0.70799,0.75,0.75
2011.04.25 09:49:09.667,0.70687,0.70793,0.75,0.75
2011.04.25 09:49:15.696,0.70682,0.70783,0.75,0.75
2011.04.25 09:49:16.119,0.70681,0.70789,0.75,0.75
2011.04.25 09:50:05.611,0.70686,0.70789,0.75,0.75
2011.04.25 09:50:05.828,0.70681,0.70789,0.75,0.75
2011.04.25 09:50:06.709,0.70681,0.70784,0.75,0.75
2011.04.25 09:50:07.586,0.70681,0.70789,0.75,0.75
2011.04.25 09:50:07.696,0.70682,0.70783,0.75,0.75
2011.04.25 09:50:08.606,0.70687,0.70798,0.75,0.75
2011.04.25 09:50:08.946,0.70687,0.70793,0.75,0.75
2011.04.25 09:50:09.889,0.70687,0.70798,0.75,0.75
2011.04.25 09:50:16.439,0.70682,0.70798,0.75,0.75
2011.04.25 09:50:21.829,0.70687,0.70798,0.75,0.75
2011.04.25 09:50:23.040,0.70692,0.70803,0.75,0.75
2011.04.25 09:50:24.197,0.70696,0.70804,0.75,0.75
2011.04.25 09:50:25.677,0.70697,0.70798,0.75,0.75
2011.04.25 09:50:26.339,0.70691,0.70794,0.75,0.75
2011.04.25 09:50:29.640,0.70696,0.70799,0.75,0.75
2011.04.25 09:51:03.898,0.70701,0.70804,0.75,0.75
2011.04.25 09:51:04.006,0.70697,0.70808,0.75,0.75
2011.04.25 09:51:04.139,0.70701,0.70804,0.75,0.75
2011.04.25 09:51:04.246,0.70697,0.70808,0.75,0.75
2011.04.25 09:51:09.671,0.70702,0.70803,0.75,0.75
2011.04.25 09:51:20.149,0.70696,0.70799,0.75,0.75
2011.04.25 09:51:35.000,0.70697,0.70808,0.75,0.75
2011.04.25 09:51:37.637,0.70696,0.70804,0.75,0.75
2011.04.25 09:51:38.080,0.70697,0.70798,0.75,0.75
2011.04.25 09:51:40.717,0.70701,0.70804,0.75,0.75
2011.04.25 09:51:41.659,0.70697,0.70798,0.75,0.75
2011.04.25 09:51:42.106,0.70701,0.70804,0.75,0.75
2011.04.25 09:51:42.431,0.70696,0.70804,0.75,0.75
2011.04.25 09:51:42.696,0.70696,0.70799,0.75,0.75
2011.04.25 09:51:42.809,0.70697,0.70803,0.75,0.75
2011.04.25 09:51:43.038,0.70702,0.70803,0.75,0.75
2011.04.25 09:51:45.011,0.70696,0.70804,0.75,0.75
2011.04.25 09:51:45.116,0.70696,0.70799,0.75,0.75
2011.04.25 09:51:45.915,0.70702,0.70803,0.75,0.75
2011.04.25 09:51:49.908,0.70707,0.70808,0.75,0.75
2011.04.25 09:51:51.447,0.70707,0.70803,0.75,0.75
2011.04.25 09:51:53.211,0.70702,0.70798,0.75,0.75
2011.04.25 09:51:56.071,0.70706,0.70804,0.75,0.75
2011.04.25 09:51:56.899,0.70697,0.70804,1.35,1.35
2011.04.25 09:51:57.259,0.70697,0.70803,1.35,1.35
2011.04.25 09:51:57.391,0.70697,0.70799,1.35,1.35
2011.04.25 09:51:57.568,0.70697,0.70809,1.35,1.35
2011.04.25 09:51:58.044,0.70697,0.70809,1.35,1.35
2011.04.25 09:51:59.038,0.70697,0.70809,1.35,1.35
2011.04.25 09:51:59.697,0.70697,0.70814,1.35,1.35
2011.04.25 09:51:59.807,0.70697,0.70808,1.35,1.35
2011.04.25 09:52:00.689,0.70697,0.70804,1.35,1.35
2011.04.25 09:52:01.727,0.70697,0.70798,1.35,1.35
2011.04.25 09:52:05.528,0.70697,0.70803,1.35,1.35
2011.04.25 09:52:08.718,0.70697,0.70808,1.35,1.35
2011.04.25 09:52:11.418,0.70717,0.70803,1.35,1.35
2011.04.25 09:52:12.733,0.70717,0.70805,1.35,2.10
2011.04.25 09:52:35.071,0.70717,0.70804,1.35,1.35
2011.04.25 09:52:35.657,0.70717,0.70805,1.35,2.10
2011.04.25 09:52:36.748,0.70717,0.70805,1.35,2.10
2011.04.25 09:52:37.369,0.70735,0.70786,2.25,2.25
2011.04.25 09:52:37.747,0.70736,0.70786,3.00,2.25
2011.04.25 09:52:43.472,0.70736,0.70786,3.00,2.25
2011.04.25 09:52:44.380,0.70736,0.70785,3.00,2.25
2011.04.25 09:52:45.745,0.70736,0.70786,3.00,2.25
2011.04.25 09:52:47.269,0.70736,0.70786,3.00,2.25
2011.04.25 09:52:54.139,0.70736,0.70786,3.00,2.25
2011.04.25 09:52:56.287,0.70736,0.70785,3.00,2.25
2011.04.25 09:53:01.017,0.70735,0.70785,2.25,2.25
2011.04.25 09:53:01.128,0.70735,0.70783,2.25,2.25
2011.04.25 09:53:16.627,0.70733,0.70776,2.25,2.25
2011.04.25 09:53:18.399,0.70734,0.70777,2.25,2.25
2011.04.25 09:53:28.747,0.70736,0.70779,2.25,2.25
2011.04.25 09:53:29.776,0.70731,0.70773,2.25,2.25
2011.04.25 09:53:30.989,0.7073,0.70772,2.25,2.25
2011.04.25 09:53:31.731,0.70729,0.70772,2.25,2.25
2011.04.25 09:53:32.707,0.70731,0.70773,2.25,2.25
2011.04.25 09:53:51.988,0.70728,0.70773,2.25,2.25
2011.04.25 09:53:54.469,0.70731,0.70773,2.25,2.25
2011.04.25 09:54:08.497,0.70732,0.70773,2.25,2.25
2011.04.25 09:54:08.738,0.7073,0.70774,2.25,2.25
2011.04.25 09:54:09.877,0.70729,0.70773,2.25,2.25
2011.04.25 09:54:10.708,0.7073,0.70774,2.25,2.25
2011.04.25 09:54:19.879,0.70731,0.70774,2.25,2.25
2011.04.25 09:54:20.869,0.70735,0.70776,2.25,2.25
2011.04.25 09:54:21.158,0.7073,0.70774,2.25,2.25
2011.04.25 09:54:27.297,0.70726,0.70772,2.25,2.25
2011.04.25 09:54:32.427,0.7073,0.70774,2.25,2.25
2011.04.25 09:54:42.149,0.70731,0.70773,2.25,2.25
2011.04.25 09:54:53.157,0.70738,0.70779,2.25,2.25
2011.04.25 09:55:02.559,0.70735,0.70776,2.25,2.25
2011.04.25 09:55:03.057,0.70731,0.70774,2.25,2.25
2011.04.25 09:55:03.709,0.70731,0.70774,3.00,2.25
2011.04.25 09:55:04.258,0.70731,0.70774,2.25,2.25
2011.04.25 09:55:05.314,0.7073,0.70774,2.25,2.25
2011.04.25 09:55:27.861,0.70732,0.70775,2.25,2.25
2011.04.25 09:55:28.631,0.70733,0.70776,2.25,2.25
2011.04.25 09:55:31.048,0.70735,0.70777,2.25,2.25
2011.04.25 09:55:34.131,0.70734,0.70775,2.25,2.25
2011.04.25 09:55:36.960,0.70734,0.70778,2.25,2.25
2011.04.25 09:55:37.176,0.70734,0.70775,2.25,2.25
2011.04.25 09:55:46.891,0.70733,0.70774,2.25,2.25
2011.04.25 09:55:47.001,0.70731,0.70774,2.25,2.25
2011.04.25 09:55:59.120,0.70731,0.70774,3.00,2.25
2011.04.25 09:55:59.347,0.70735,0.70776,2.25,2.25
2011.04.25 09:56:10.227,0.70739,0.70781,2.25,2.25
2011.04.25 09:56:10.337,0.70744,0.70787,2.25,2.25
2011.04.25 09:56:55.444,0.70735,0.70779,3.00,2.25
2011.04.25 09:56:55.547,0.70735,0.70779,2.25,2.25
2011.04.25 09:56:55.987,0.70732,0.70778,2.25,2.25
2011.04.25 09:56:56.097,0.70732,0.70784,2.25,2.25
2011.04.25 09:56:57.534,0.70736,0.70783,2.25,2.25
2011.04.25 09:57:01.933,0.70739,0.70783,2.25,2.25
2011.04.25 09:57:02.046,0.70736,0.70783,2.25,2.25
2011.04.25 09:57:20.769,0.70728,0.70773,2.25,2.25
2011.04.25 09:57:21.208,0.70724,0.70768,2.25,2.25
2011.04.25 09:57:28.668,0.7072,0.70768,2.25,2.25
2011.04.25 09:59:37.918,0.70721,0.70767,2.25,2.25
2011.04.25 09:59:44.738,0.70721,0.70765,2.25,2.25
2011.04.25 09:59:45.338,0.7072,0.70766,2.25,2.25
2011.04.25 09:59:46.277,0.70721,0.70764,2.25,2.25
2011.04.25 09:59:47.159,0.7072,0.70763,2.25,2.25
2011.04.25 09:59:47.652,0.70721,0.70765,2.25,2.25
2011.04.25 09:59:48.631,0.7072,0.70765,2.25,2.25
2011.04.25 09:59:51.777,0.7072,0.70764,2.25,2.25
2011.04.25 09:59:52.381,0.70721,0.70764,2.25,2.25
2011.04.25 09:59:52.819,0.70721,0.70762,2.25,2.25
2011.04.25 09:59:53.493,0.7072,0.70761,2.25,2.25
2011.04.25 09:59:59.478,0.70723,0.7076,2.25,2.25
