2012.06.18 03:00:00.820,0.74954,0.74984,2.25,3.00
2012.06.18 03:00:01.986,0.74954,0.74984,2.25,3.00
2012.06.18 03:00:02.949,0.7495,0.74978,2.25,3.00
2012.06.18 03:00:15.060,0.74947,0.74977,2.25,2.25
2012.06.18 03:00:19.545,0.74949,0.74977,2.25,2.25
2012.06.18 03:00:35.090,0.74944,0.74974,2.25,2.25
2012.06.18 03:00:35.607,0.74944,0.74974,2.25,3.00
2012.06.18 03:00:38.569,0.74939,0.74969,2.25,2.25
2012.06.18 03:00:39.371,0.74939,0.74969,2.25,3.00
2012.06.18 03:00:45.151,0.74939,0.74969,2.25,2.25
2012.06.18 03:00:45.590,0.74941,0.74969,2.25,2.25
2012.06.18 03:00:47.619,0.74945,0.74973,2.25,3.00
2012.06.18 03:00:47.799,0.74933,0.74967,2.25,2.25
2012.06.18 03:00:48.250,0.74933,0.74967,3.00,2.25
2012.06.18 03:00:48.412,0.74933,0.74967,2.25,2.25
2012.06.18 03:00:48.797,0.74933,0.74967,3.00,2.25
2012.06.18 03:00:48.919,0.74933,0.74967,2.25,2.25
2012.06.18 03:00:49.880,0.74935,0.74967,2.25,2.25
2012.06.18 03:00:53.032,0.7494,0.7497,2.25,2.25
2012.06.18 03:01:05.184,0.7494,0.7497,2.25,3.00
2012.06.18 03:01:12.161,0.7494,0.7497,2.25,2.25
2012.06.18 03:01:12.474,0.74946,0.74974,2.25,3.00
2012.06.18 03:01:12.538,0.74941,0.74969,2.25,3.00
2012.06.18 03:01:29.060,0.74945,0.74975,2.25,2.25
2012.06.18 03:01:29.246,0.74944,0.74972,2.25,2.25
2012.06.18 03:01:29.354,0.74942,0.74972,2.25,2.25
2012.06.18 03:01:29.480,0.74944,0.74974,2.25,3.00
2012.06.18 03:01:30.007,0.74947,0.74977,2.25,3.00
2012.06.18 03:01:30.072,0.74943,0.74974,2.25,3.00
2012.06.18 03:01:30.189,0.74947,0.74977,2.25,3.00
2012.06.18 03:01:30.309,0.74943,0.74974,2.25,3.00
2012.06.18 03:01:30.369,0.74946,0.74974,2.25,3.00
2012.06.18 03:01:30.474,0.74944,0.74973,2.25,2.25
2012.06.18 03:01:30.803,0.74946,0.74974,2.25,3.00
2012.06.18 03:01:30.913,0.74943,0.74974,2.25,3.00
2012.06.18 03:01:34.337,0.74944,0.74972,2.25,2.25
2012.06.18 03:01:52.575,0.74945,0.74975,2.25,3.00
2012.06.18 03:01:53.309,0.74947,0.74975,2.25,2.25
2012.06.18 03:01:59.110,0.74942,0.7497,2.25,2.25
2012.06.18 03:01:59.735,0.74942,0.74972,2.25,2.25
2012.06.18 03:02:01.610,0.74941,0.74971,2.25,2.25
2012.06.18 03:02:03.552,0.74941,0.74971,2.25,3.00
2012.06.18 03:02:04.081,0.74941,0.74969,2.25,2.25
2012.06.18 03:02:17.801,0.74941,0.74971,2.25,2.25
2012.06.18 03:02:22.962,0.74941,0.74969,2.25,2.25
2012.06.18 03:02:25.605,0.74942,0.7497,2.25,2.25
2012.06.18 03:02:26.263,0.7494,0.7497,2.25,2.25
2012.06.18 03:02:26.921,0.74942,0.7497,2.25,2.25
2012.06.18 03:02:28.023,0.7494,0.7497,2.25,2.25
2012.06.18 03:02:29.231,0.74941,0.74971,2.25,2.25
2012.06.18 03:02:29.453,0.74941,0.74969,2.25,2.25
2012.06.18 03:02:29.784,0.74941,0.74971,2.25,2.25
2012.06.18 03:02:30.550,0.7494,0.7497,2.25,2.25
2012.06.18 03:02:31.433,0.74942,0.7497,2.25,2.25
2012.06.18 03:02:31.652,0.7494,0.7497,2.25,2.25
2012.06.18 03:02:33.380,0.74941,0.74971,2.25,2.25
2012.06.18 03:02:46.612,0.74936,0.74966,3.00,2.25
2012.06.18 03:02:46.950,0.74942,0.7497,2.25,2.25
2012.06.18 03:02:48.705,0.7494,0.7497,2.25,2.25
2012.06.18 03:02:49.474,0.74942,0.7497,2.25,2.25
2012.06.18 03:02:51.710,0.74941,0.74969,2.25,2.25
2012.06.18 03:02:56.056,0.74936,0.74966,2.25,2.25
2012.06.18 03:02:56.385,0.74938,0.74966,2.25,2.25
2012.06.18 03:02:57.021,0.74935,0.74965,3.00,2.25
2012.06.18 03:02:57.454,0.74935,0.74963,3.00,2.25
2012.06.18 03:02:58.130,0.7494,0.74968,2.25,2.25
2012.06.18 03:02:58.332,0.7494,0.7497,2.25,2.25
2012.06.18 03:03:09.557,0.7494,0.74968,2.25,2.25
2012.06.18 03:03:14.946,0.7494,0.7497,2.25,3.00
2012.06.18 03:03:15.456,0.7494,0.7497,2.25,2.25
2012.06.18 03:03:19.300,0.74945,0.74975,2.25,3.00
2012.06.18 03:03:19.622,0.74934,0.74962,2.25,2.25
2012.06.18 03:03:20.504,0.74933,0.74961,2.25,2.25
2012.06.18 03:03:21.301,0.74934,0.74962,2.25,2.25
2012.06.18 03:03:22.022,0.74932,0.74962,3.00,2.25
2012.06.18 03:03:22.290,0.74943,0.74971,2.25,2.25
2012.06.18 03:03:22.491,0.7494,0.7497,2.25,2.25
2012.06.18 03:03:23.261,0.74939,0.74967,3.00,2.25
2012.06.18 03:03:23.320,0.74939,0.74967,2.25,2.25
2012.06.18 03:03:23.810,0.74937,0.74965,2.25,2.25
2012.06.18 03:03:27.330,0.74933,0.74961,2.25,2.25
2012.06.18 03:03:27.815,0.74932,0.74962,3.00,2.25
2012.06.18 03:03:28.473,0.74933,0.74963,3.00,2.25
2012.06.18 03:03:29.072,0.74932,0.7496,3.00,2.25
2012.06.18 03:03:29.294,0.74932,0.74962,3.00,2.25
2012.06.18 03:03:29.684,0.74932,0.74962,3.00,2.25
2012.06.18 03:03:29.774,0.74932,0.7496,3.00,2.25
2012.06.18 03:03:30.300,0.74931,0.74959,3.00,2.25
2012.06.18 03:03:30.650,0.74933,0.74961,2.25,2.25
2012.06.18 03:03:30.852,0.74931,0.74959,3.00,2.25
2012.06.18 03:03:33.844,0.7493,0.74958,3.00,2.25
2012.06.18 03:03:34.783,0.74929,0.74957,3.00,2.25
2012.06.18 03:03:34.839,0.74929,0.74959,3.00,2.25
2012.06.18 03:03:35.605,0.7493,0.7496,3.00,2.25
2012.06.18 03:03:35.980,0.7493,0.74958,3.00,2.25
2012.06.18 03:03:36.489,0.74929,0.74957,3.00,2.25
2012.06.18 03:03:36.871,0.74927,0.74957,3.00,2.25
2012.06.18 03:03:39.762,0.7493,0.7496,3.00,2.25
2012.06.18 03:03:39.954,0.7493,0.7496,3.00,2.25
2012.06.18 03:03:40.831,0.7493,0.7496,3.00,2.25
2012.06.18 03:03:42.874,0.74931,0.74961,3.00,2.25
2012.06.18 03:03:44.351,0.74931,0.74961,3.00,2.25
2012.06.18 03:03:45.120,0.74931,0.74961,3.00,2.25
2012.06.18 03:03:45.291,0.74936,0.74966,3.00,2.25
2012.06.18 03:03:45.623,0.74936,0.74966,3.00,2.25
2012.06.18 03:03:45.913,0.74936,0.74966,3.00,2.25
2012.06.18 03:03:45.969,0.74936,0.74964,3.00,2.25
2012.06.18 03:03:48.310,0.74936,0.74964,3.00,2.25
2012.06.18 03:03:48.386,0.74936,0.74964,3.00,2.25
2012.06.18 03:03:53.653,0.74935,0.74965,3.00,2.25
2012.06.18 03:03:56.622,0.74935,0.74965,2.25,2.25
2012.06.18 03:03:57.402,0.74935,0.74965,3.00,2.25
2012.06.18 03:03:57.839,0.7493,0.7496,3.00,2.25
2012.06.18 03:04:01.684,0.74928,0.74958,3.00,2.25
2012.06.18 03:04:02.240,0.7493,0.7496,3.00,2.25
2012.06.18 03:04:12.792,0.74935,0.74965,2.25,2.25
2012.06.18 03:04:13.244,0.74933,0.74963,2.25,2.25
2012.06.18 03:04:13.782,0.74929,0.74957,3.00,2.25
2012.06.18 03:04:15.022,0.74933,0.74963,2.25,2.25
2012.06.18 03:04:15.929,0.74929,0.74957,3.00,2.25
2012.06.18 03:04:16.894,0.74937,0.74965,2.25,2.25
2012.06.18 03:04:16.961,0.74935,0.74963,2.25,2.25
2012.06.18 03:04:17.762,0.74929,0.74959,3.00,2.25
2012.06.18 03:04:19.121,0.74936,0.74964,2.25,2.25
2012.06.18 03:04:19.899,0.74937,0.74965,2.25,2.25
2012.06.18 03:04:19.984,0.74932,0.74962,3.00,2.25
2012.06.18 03:04:20.261,0.74932,0.74962,3.00,2.25
2012.06.18 03:04:21.071,0.74938,0.74966,2.25,2.25
2012.06.18 03:04:21.832,0.74937,0.74965,2.25,2.25
2012.06.18 03:04:22.052,0.74932,0.74962,3.00,2.25
2012.06.18 03:04:22.989,0.74932,0.74962,3.00,2.25
2012.06.18 03:04:23.051,0.74936,0.74966,2.25,2.25
2012.06.18 03:04:23.980,0.74933,0.74961,2.25,2.25
2012.06.18 03:04:24.960,0.74936,0.74966,2.25,2.25
2012.06.18 03:04:25.901,0.74935,0.74965,2.25,2.25
2012.06.18 03:04:26.071,0.74931,0.74959,3.00,2.25
2012.06.18 03:04:27.003,0.74936,0.74964,2.25,2.25
2012.06.18 03:04:28.039,0.74931,0.74959,3.00,2.25
2012.06.18 03:04:28.882,0.74936,0.74964,2.25,2.25
2012.06.18 03:04:30.112,0.74931,0.74959,3.00,2.25
2012.06.18 03:04:31.120,0.74935,0.74965,2.25,2.25
2012.06.18 03:04:32.139,0.74931,0.74959,3.00,2.25
2012.06.18 03:04:32.990,0.74935,0.74965,2.25,2.25
2012.06.18 03:04:34.080,0.74931,0.74959,3.00,2.25
2012.06.18 03:04:35.082,0.74936,0.74964,2.25,2.25
2012.06.18 03:04:36.070,0.7493,0.7496,3.00,2.25
2012.06.18 03:04:37.032,0.74935,0.74965,2.25,2.25
2012.06.18 03:04:38.050,0.74931,0.74959,3.00,2.25
2012.06.18 03:04:39.050,0.74936,0.74964,2.25,2.25
2012.06.18 03:04:47.400,0.74931,0.74959,3.00,2.25
2012.06.18 03:04:50.891,0.74929,0.74957,3.00,2.25
2012.06.18 03:04:52.898,0.74926,0.74954,3.00,2.25
2012.06.18 03:04:52.961,0.74926,0.74954,2.25,2.25
2012.06.18 03:04:53.502,0.74923,0.74953,3.00,2.25
2012.06.18 03:04:53.680,0.74922,0.7495,3.00,2.25
2012.06.18 03:04:53.930,0.74922,0.74952,3.00,2.25
2012.06.18 03:04:54.565,0.74921,0.74951,3.00,2.25
2012.06.18 03:04:58.174,0.74921,0.74951,3.00,2.25
2012.06.18 03:04:58.394,0.74921,0.74951,3.00,2.25
2012.06.18 03:04:59.392,0.74921,0.74951,3.00,2.25
2012.06.18 03:04:59.501,0.74921,0.74951,3.00,2.25
2012.06.18 03:04:59.640,0.74924,0.74952,3.00,2.25
2012.06.18 03:04:59.950,0.74926,0.74954,3.00,2.25
2012.06.18 03:05:00.584,0.74925,0.74953,3.00,2.25
2012.06.18 03:05:02.423,0.74925,0.74953,3.00,2.25
2012.06.18 03:05:02.869,0.74927,0.74955,3.00,2.25
2012.06.18 03:05:04.645,0.74928,0.74958,2.25,2.25
2012.06.18 03:05:04.975,0.74927,0.74955,2.25,2.25
2012.06.18 03:05:05.750,0.74922,0.7495,3.00,2.25
2012.06.18 03:05:06.292,0.7492,0.74948,3.00,2.25
2012.06.18 03:05:06.924,0.74921,0.74949,3.00,2.25
2012.06.18 03:05:07.061,0.74921,0.74951,3.00,2.25
2012.06.18 03:05:11.730,0.74924,0.74952,3.00,2.25
2012.06.18 03:05:12.692,0.74924,0.74952,3.00,2.25
2012.06.18 03:05:14.452,0.74924,0.74952,3.00,2.25
2012.06.18 03:05:15.316,0.74921,0.74951,3.00,2.25
2012.06.18 03:05:16.440,0.74921,0.74949,3.00,2.25
2012.06.18 03:05:17.101,0.7492,0.7495,3.00,2.25
2012.06.18 03:05:17.450,0.7492,0.74948,3.00,2.25
2012.06.18 03:05:17.522,0.74921,0.74951,3.00,2.25
2012.06.18 03:05:18.969,0.74921,0.74951,3.00,2.25
2012.06.18 03:05:25.461,0.74925,0.74955,3.00,2.25
2012.06.18 03:05:25.731,0.7492,0.7495,3.00,2.25
2012.06.18 03:05:26.113,0.74919,0.74949,3.00,2.25
2012.06.18 03:05:26.169,0.74921,0.74949,3.00,2.25
2012.06.18 03:05:26.442,0.7492,0.74948,3.00,2.25
2012.06.18 03:05:26.621,0.74915,0.74945,3.00,2.25
2012.06.18 03:05:26.772,0.74915,0.74945,3.00,2.25
2012.06.18 03:05:33.924,0.74915,0.74945,3.00,2.25
2012.06.18 03:05:34.487,0.74918,0.74946,2.25,2.25
2012.06.18 03:05:34.832,0.74918,0.74946,3.00,2.25
2012.06.18 03:05:34.890,0.74919,0.74949,3.00,2.25
2012.06.18 03:05:35.420,0.74921,0.74951,3.00,2.25
2012.06.18 03:05:36.323,0.74911,0.74941,3.00,2.25
2012.06.18 03:05:36.530,0.74921,0.74951,2.25,2.25
2012.06.18 03:05:36.791,0.74914,0.74948,3.00,2.25
2012.06.18 03:05:39.430,0.74914,0.74948,2.25,2.25
2012.06.18 03:05:39.653,0.74914,0.74948,3.00,2.25
2012.06.18 03:05:39.894,0.74918,0.74951,2.25,2.25
2012.06.18 03:05:40.011,0.74922,0.74954,2.25,2.25
2012.06.18 03:05:41.414,0.74922,0.74955,3.00,2.25
2012.06.18 03:05:42.322,0.74922,0.74954,2.25,2.25
2012.06.18 03:05:43.962,0.74922,0.74954,2.25,3.00
2012.06.18 03:05:44.360,0.7492,0.74952,2.25,2.25
2012.06.18 03:05:44.660,0.74917,0.74951,3.00,2.25
2012.06.18 03:05:44.780,0.74919,0.7495,2.25,2.25
2012.06.18 03:05:47.834,0.74921,0.74955,2.25,2.25
2012.06.18 03:05:48.163,0.74918,0.74952,2.25,2.25
2012.06.18 03:05:48.642,0.74919,0.74951,3.00,2.25
2012.06.18 03:05:48.804,0.74919,0.74951,2.25,2.25
2012.06.18 03:05:49.475,0.74918,0.7495,2.25,2.25
2012.06.18 03:05:49.587,0.74916,0.74948,3.00,2.25
2012.06.18 03:05:49.830,0.74913,0.74947,2.25,2.25
2012.06.18 03:05:50.260,0.7491,0.74944,3.00,2.25
2012.06.18 03:05:51.160,0.74911,0.74943,3.00,2.25
2012.06.18 03:05:53.481,0.74911,0.74943,3.00,2.25
2012.06.18 03:05:55.010,0.74912,0.74944,3.00,2.25
2012.06.18 03:05:55.527,0.74913,0.74945,3.00,2.25
2012.06.18 03:05:57.504,0.74913,0.74947,3.00,2.25
2012.06.18 03:05:58.207,0.74914,0.74946,3.00,2.25
2012.06.18 03:05:58.389,0.74915,0.74949,3.00,2.25
2012.06.18 03:05:58.509,0.74914,0.74947,3.00,2.25
2012.06.18 03:06:01.733,0.74914,0.74947,3.00,2.25
2012.06.18 03:06:01.929,0.74915,0.74949,3.00,2.25
2012.06.18 03:06:02.552,0.74916,0.7495,3.00,2.25
2012.06.18 03:06:07.563,0.74919,0.7495,2.25,2.25
2012.06.18 03:06:08.004,0.74917,0.74951,2.25,2.25
2012.06.18 03:06:08.113,0.74915,0.74949,3.00,2.25
2012.06.18 03:06:08.618,0.74914,0.74948,3.00,2.25
2012.06.18 03:06:10.305,0.74917,0.74949,2.25,2.25
2012.06.18 03:06:15.290,0.74915,0.74949,3.00,2.25
2012.06.18 03:06:16.183,0.74915,0.74949,2.25,3.00
2012.06.18 03:06:16.711,0.74915,0.74949,3.00,2.25
2012.06.18 03:06:18.444,0.74915,0.74947,3.00,2.25
2012.06.18 03:06:20.923,0.74915,0.74947,2.25,2.25
2012.06.18 03:06:21.694,0.74915,0.74947,3.00,2.25
2012.06.18 03:06:28.531,0.74913,0.74947,2.25,2.25
2012.06.18 03:06:28.590,0.74919,0.74949,2.25,3.00
2012.06.18 03:06:29.024,0.74916,0.74946,3.00,2.25
2012.06.18 03:06:29.572,0.74918,0.74946,2.25,2.25
2012.06.18 03:06:30.127,0.74917,0.74945,2.25,2.25
2012.06.18 03:06:38.502,0.74918,0.74948,2.25,2.25
2012.06.18 03:06:39.055,0.74916,0.74948,3.00,2.25
2012.06.18 03:06:39.401,0.74917,0.74951,2.25,2.25
2012.06.18 03:06:45.660,0.74914,0.74942,2.25,2.25
2012.06.18 03:06:47.275,0.74914,0.74942,3.00,2.25
2012.06.18 03:06:47.341,0.74914,0.74942,2.25,2.25
2012.06.18 03:06:47.603,0.74914,0.74942,3.00,2.25
2012.06.18 03:06:48.713,0.74914,0.74942,2.25,2.25
2012.06.18 03:06:58.285,0.74914,0.74944,2.25,2.25
2012.06.18 03:07:00.262,0.74913,0.74943,2.25,2.25
2012.06.18 03:07:00.485,0.74916,0.74944,2.25,2.25
2012.06.18 03:07:00.550,0.74916,0.74946,2.25,2.25
2012.06.18 03:07:01.058,0.74917,0.74947,2.25,2.25
2012.06.18 03:07:12.861,0.74916,0.74946,2.25,2.25
2012.06.18 03:07:18.422,0.74915,0.74945,2.25,2.25
2012.06.18 03:07:18.643,0.74915,0.74943,2.25,2.25
2012.06.18 03:07:23.195,0.74917,0.74945,2.25,2.25
2012.06.18 03:07:26.841,0.74914,0.74942,2.25,2.25
2012.06.18 03:07:27.484,0.74908,0.74938,2.25,2.25
2012.06.18 03:07:27.611,0.74908,0.74936,2.25,2.25
2012.06.18 03:07:29.145,0.74907,0.74937,2.25,2.25
2012.06.18 03:07:32.277,0.74907,0.74937,3.00,2.25
2012.06.18 03:07:32.770,0.74913,0.74941,2.25,2.25
2012.06.18 03:07:35.679,0.74912,0.7494,3.00,2.25
2012.06.18 03:07:38.434,0.74912,0.7494,3.00,2.25
2012.06.18 03:07:38.871,0.74921,0.74951,2.25,2.25
2012.06.18 03:07:39.036,0.74914,0.74948,3.00,2.25
2012.06.18 03:07:39.495,0.74914,0.74948,2.25,2.25
2012.06.18 03:07:39.584,0.7492,0.74948,2.25,2.25
2012.06.18 03:07:39.923,0.74918,0.74946,2.25,2.25
2012.06.18 03:07:45.041,0.74919,0.74947,2.25,2.25
2012.06.18 03:07:46.040,0.74919,0.74949,2.25,2.25
2012.06.18 03:07:46.584,0.74919,0.74949,2.25,3.00
2012.06.18 03:07:46.751,0.74921,0.74949,2.25,3.00
2012.06.18 03:07:46.969,0.74919,0.74949,2.25,2.25
2012.06.18 03:07:47.512,0.7492,0.74948,2.25,2.25
2012.06.18 03:07:48.721,0.7492,0.7495,2.25,2.25
2012.06.18 03:07:52.361,0.74922,0.7495,2.25,2.25
2012.06.18 03:07:52.743,0.74926,0.74954,2.25,3.00
2012.06.18 03:07:55.150,0.74922,0.7495,2.25,2.25
2012.06.18 03:07:56.423,0.74922,0.74952,3.00,2.25
2012.06.18 03:07:57.265,0.74921,0.74951,3.00,2.25
2012.06.18 03:07:59.723,0.74921,0.74951,2.25,2.25
2012.06.18 03:08:00.823,0.74921,0.74949,2.25,2.25
2012.06.18 03:08:00.940,0.74919,0.74949,2.25,2.25
2012.06.18 03:08:01.045,0.74921,0.74951,2.25,2.25
2012.06.18 03:08:01.594,0.74919,0.74949,2.25,2.25
2012.06.18 03:08:02.271,0.7492,0.74948,2.25,2.25
2012.06.18 03:08:02.483,0.7492,0.7495,2.25,2.25
2012.06.18 03:08:02.702,0.7492,0.74948,2.25,2.25
2012.06.18 03:08:03.079,0.74918,0.74946,2.25,2.25
2012.06.18 03:08:06.012,0.74919,0.74949,2.25,2.25
2012.06.18 03:08:07.137,0.74914,0.74944,2.25,2.25
2012.06.18 03:08:07.689,0.74915,0.74943,2.25,2.25
2012.06.18 03:08:08.002,0.74913,0.74941,2.25,2.25
2012.06.18 03:08:11.834,0.74914,0.74942,2.25,2.25
2012.06.18 03:08:12.291,0.74914,0.74942,3.00,2.25
2012.06.18 03:08:13.033,0.74914,0.74942,2.25,2.25
2012.06.18 03:08:13.089,0.74912,0.74942,3.00,2.25
2012.06.18 03:08:18.520,0.74912,0.74942,3.00,2.25
2012.06.18 03:08:18.780,0.74914,0.74948,3.00,2.25
2012.06.18 03:08:19.359,0.74915,0.74946,3.00,2.25
2012.06.18 03:08:19.869,0.74914,0.74948,3.00,2.25
2012.06.18 03:08:22.170,0.74914,0.74948,3.00,2.25
2012.06.18 03:08:22.292,0.74912,0.74946,3.00,2.25
2012.06.18 03:08:22.667,0.74911,0.74943,3.00,2.25
2012.06.18 03:08:25.812,0.74913,0.74945,3.00,2.25
2012.06.18 03:08:25.906,0.74913,0.74945,2.25,2.25
2012.06.18 03:08:26.078,0.74913,0.74945,3.00,2.25
2012.06.18 03:08:26.190,0.74913,0.74945,2.25,2.25
2012.06.18 03:08:26.340,0.74913,0.74945,3.00,2.25
2012.06.18 03:08:26.574,0.74914,0.74946,2.25,2.25
2012.06.18 03:08:26.820,0.74911,0.74945,3.00,2.25
2012.06.18 03:08:26.913,0.74913,0.74947,3.00,2.25
2012.06.18 03:08:26.969,0.74913,0.74947,2.25,2.25
2012.06.18 03:08:27.038,0.74912,0.74944,3.00,2.25
2012.06.18 03:08:27.470,0.7491,0.74944,3.00,2.25
2012.06.18 03:08:27.785,0.74911,0.74942,3.00,2.25
2012.06.18 03:08:30.743,0.74911,0.74942,3.00,2.25
2012.06.18 03:08:33.082,0.7491,0.74944,3.00,2.25
2012.06.18 03:08:35.931,0.7491,0.74944,2.25,3.00
2012.06.18 03:08:40.664,0.7491,0.74944,3.00,2.25
2012.06.18 03:08:41.740,0.7491,0.74944,2.25,3.00
2012.06.18 03:08:42.095,0.74911,0.74945,3.00,2.25
2012.06.18 03:08:50.075,0.74911,0.74945,2.25,3.00
2012.06.18 03:08:51.665,0.74911,0.74945,2.25,3.00
2012.06.18 03:08:52.002,0.74908,0.74938,2.25,3.00
2012.06.18 03:08:52.909,0.74902,0.74936,3.00,2.25
2012.06.18 03:08:53.155,0.74902,0.74936,3.00,2.25
2012.06.18 03:08:53.219,0.74908,0.74938,2.25,2.25
2012.06.18 03:08:53.994,0.74912,0.74944,2.25,3.00
2012.06.18 03:08:55.633,0.74912,0.74944,2.25,3.00
2012.06.18 03:08:55.750,0.74908,0.74938,2.25,2.25
2012.06.18 03:08:55.854,0.74908,0.74938,2.25,3.00
2012.06.18 03:08:56.023,0.74908,0.74938,2.25,2.25
2012.06.18 03:08:56.407,0.74908,0.74938,2.25,3.00
2012.06.18 03:08:56.527,0.74904,0.74935,2.25,3.00
2012.06.18 03:09:02.503,0.74904,0.74938,2.25,2.25
2012.06.18 03:09:04.214,0.74904,0.74938,3.00,2.25
2012.06.18 03:09:05.315,0.74905,0.74939,3.00,2.25
2012.06.18 03:09:07.296,0.74907,0.74941,3.00,2.25
2012.06.18 03:09:07.430,0.74905,0.74939,3.00,2.25
2012.06.18 03:09:08.410,0.74904,0.74938,3.00,2.25
2012.06.18 03:09:08.470,0.74904,0.74938,2.25,2.25
2012.06.18 03:09:09.603,0.74904,0.74938,3.00,2.25
2012.06.18 03:09:12.643,0.74904,0.74938,2.25,3.00
2012.06.18 03:09:16.377,0.74904,0.74938,3.00,2.25
2012.06.18 03:09:16.845,0.74903,0.74937,2.25,2.25
2012.06.18 03:09:17.151,0.74909,0.74939,2.25,3.00
2012.06.18 03:09:17.371,0.74903,0.74936,2.25,2.25
2012.06.18 03:09:17.490,0.74903,0.74936,3.00,2.25
2012.06.18 03:09:17.814,0.7491,0.74938,2.25,2.25
2012.06.18 03:09:18.093,0.74908,0.74938,2.25,2.25
2012.06.18 03:09:19.770,0.74907,0.74937,2.25,2.25
2012.06.18 03:09:19.855,0.74911,0.74943,2.25,2.25
2012.06.18 03:09:23.323,0.74911,0.74943,2.25,3.00
2012.06.18 03:09:23.381,0.74911,0.74943,2.25,2.25
2012.06.18 03:09:23.493,0.74913,0.74945,2.25,3.00
2012.06.18 03:09:26.612,0.74913,0.74945,2.25,3.00
2012.06.18 03:09:26.676,0.74913,0.74945,2.25,3.00
2012.06.18 03:09:30.757,0.7491,0.74944,2.25,3.00
2012.06.18 03:09:31.755,0.74909,0.74941,2.25,2.25
2012.06.18 03:09:32.304,0.74908,0.74942,2.25,2.25
2012.06.18 03:09:45.094,0.74908,0.74942,2.25,3.00
2012.06.18 03:09:45.397,0.7491,0.74942,2.25,3.00
2012.06.18 03:09:45.650,0.74908,0.7494,2.25,3.00
2012.06.18 03:09:46.792,0.74907,0.74939,2.25,3.00
2012.06.18 03:09:49.609,0.74904,0.74938,2.25,2.25
2012.06.18 03:09:51.233,0.74906,0.74939,2.25,3.00
2012.06.18 03:09:51.920,0.74906,0.74938,2.25,2.25
2012.06.18 03:09:52.642,0.74907,0.74938,2.25,2.25
2012.06.18 03:09:57.396,0.74907,0.74939,3.00,2.25
2012.06.18 03:09:57.791,0.74905,0.74937,2.25,2.25
2012.06.18 03:09:59.705,0.74905,0.74939,2.25,3.00
2012.06.18 03:10:00.499,0.74905,0.74937,2.25,2.25
2012.06.18 03:10:06.870,0.74905,0.74937,3.00,2.25
2012.06.18 03:10:07.749,0.74905,0.74939,2.25,3.00
2012.06.18 03:10:10.597,0.74906,0.74938,2.25,3.00
2012.06.18 03:10:13.795,0.74907,0.74938,2.25,3.00
2012.06.18 03:10:14.343,0.74906,0.7494,2.25,3.00
2012.06.18 03:10:16.336,0.74906,0.7494,3.00,2.25
2012.06.18 03:10:16.955,0.74908,0.7494,2.25,2.25
2012.06.18 03:10:33.035,0.74908,0.74942,2.25,2.25
2012.06.18 03:10:33.362,0.74908,0.7494,2.25,2.25
2012.06.18 03:10:36.244,0.74909,0.74941,2.25,2.25
2012.06.18 03:10:37.871,0.74908,0.7494,2.25,2.25
2012.06.18 03:10:38.179,0.74907,0.74938,2.25,3.00
2012.06.18 03:10:38.962,0.74906,0.74939,2.25,3.00
2012.06.18 03:10:39.478,0.74907,0.74938,2.25,3.00
2012.06.18 03:10:49.112,0.74907,0.74938,2.25,3.00
2012.06.18 03:10:50.653,0.74907,0.74938,2.25,2.25
2012.06.18 03:10:51.514,0.74906,0.7494,2.25,3.00
2012.06.18 03:10:55.962,0.74906,0.7494,2.25,3.00
2012.06.18 03:10:56.563,0.74904,0.74932,2.25,2.25
2012.06.18 03:10:56.621,0.74897,0.74931,2.25,2.25
2012.06.18 03:10:56.726,0.74899,0.74931,2.25,2.25
2012.06.18 03:10:57.189,0.74899,0.74932,2.25,3.00
2012.06.18 03:10:58.695,0.74899,0.74932,2.25,2.25
2012.06.18 03:10:59.040,0.74897,0.74929,2.25,3.00
2012.06.18 03:11:02.143,0.749,0.74931,2.25,2.25
2012.06.18 03:11:02.682,0.749,0.74932,2.25,2.25
2012.06.18 03:11:02.814,0.749,0.74934,2.25,3.00
2012.06.18 03:11:16.348,0.749,0.74934,3.00,2.25
2012.06.18 03:11:16.674,0.74899,0.74932,3.00,2.25
2012.06.18 03:11:17.213,0.749,0.74934,3.00,2.25
2012.06.18 03:11:17.739,0.74902,0.74934,2.25,2.25
2012.06.18 03:11:18.131,0.74903,0.74936,2.25,2.25
2012.06.18 03:11:24.123,0.74903,0.74936,2.25,3.00
2012.06.18 03:11:24.241,0.74903,0.74935,2.25,2.25
2012.06.18 03:11:24.530,0.74903,0.74935,2.25,3.00
2012.06.18 03:11:24.911,0.749,0.74934,2.25,3.00
2012.06.18 03:11:25.091,0.74899,0.74933,3.00,2.25
2012.06.18 03:11:25.575,0.749,0.74931,3.00,2.25
2012.06.18 03:11:27.130,0.74898,0.74932,3.00,2.25
2012.06.18 03:11:29.013,0.74896,0.7493,3.00,2.25
2012.06.18 03:11:29.164,0.74896,0.7493,3.00,2.25
2012.06.18 03:11:29.238,0.74903,0.74931,2.25,2.25
2012.06.18 03:11:29.620,0.749,0.7493,2.25,2.25
2012.06.18 03:11:29.874,0.74903,0.74931,2.25,2.25
2012.06.18 03:11:36.701,0.74901,0.74929,3.00,2.25
2012.06.18 03:11:37.706,0.74903,0.74931,2.25,2.25
2012.06.18 03:11:43.421,0.74901,0.74931,3.00,2.25
2012.06.18 03:11:44.951,0.74901,0.74929,3.00,2.25
2012.06.18 03:11:48.683,0.74902,0.74932,3.00,2.25
2012.06.18 03:12:02.257,0.74902,0.7493,3.00,2.25
2012.06.18 03:12:11.090,0.749,0.7493,2.25,2.25
2012.06.18 03:12:11.222,0.749,0.7493,3.00,2.25
2012.06.18 03:12:11.540,0.74899,0.74927,3.00,2.25
2012.06.18 03:12:23.457,0.749,0.74928,3.00,2.25
2012.06.18 03:12:38.473,0.74898,0.74928,3.00,2.25
2012.06.18 03:12:42.004,0.74898,0.74928,3.00,2.25
2012.06.18 03:12:43.062,0.74901,0.74929,3.00,2.25
2012.06.18 03:12:53.130,0.74901,0.74929,3.00,2.25
2012.06.18 03:12:57.073,0.74901,0.74929,3.00,2.25
2012.06.18 03:13:03.150,0.74901,0.74929,3.00,2.25
2012.06.18 03:13:06.415,0.74901,0.74929,3.00,2.25
2012.06.18 03:13:14.481,0.74901,0.74929,3.00,2.25
2012.06.18 03:13:16.342,0.74901,0.74929,3.00,2.25
2012.06.18 03:14:29.610,0.74899,0.74927,2.25,2.25
2012.06.18 03:14:30.164,0.749,0.74928,2.25,2.25
2012.06.18 03:14:35.232,0.74898,0.74928,2.25,2.25
2012.06.18 03:14:35.305,0.74895,0.74925,3.00,2.25
2012.06.18 03:14:35.612,0.74895,0.74923,3.00,2.25
2012.06.18 03:14:39.043,0.74898,0.74926,2.25,2.25
2012.06.18 03:14:43.384,0.74898,0.74926,3.00,2.25
2012.06.18 03:14:43.442,0.74898,0.74928,3.00,2.25
2012.06.18 03:14:43.932,0.74896,0.74926,3.00,2.25
2012.06.18 03:14:44.144,0.74898,0.74928,3.00,2.25
2012.06.18 03:14:44.244,0.74898,0.74926,3.00,2.25
2012.06.18 03:14:44.301,0.74898,0.74926,2.25,2.25
2012.06.18 03:14:44.643,0.74899,0.74927,3.00,2.25
2012.06.18 03:14:45.522,0.74899,0.74927,2.25,2.25
2012.06.18 03:14:48.205,0.74898,0.74926,2.25,2.25
2012.06.18 03:14:55.041,0.74897,0.74925,3.00,2.25
2012.06.18 03:14:56.904,0.74896,0.74924,3.00,2.25
2012.06.18 03:15:13.745,0.74894,0.74924,3.00,2.25
2012.06.18 03:15:14.273,0.74894,0.74924,3.00,2.25
2012.06.18 03:15:14.604,0.74894,0.74922,3.00,2.25
2012.06.18 03:15:15.023,0.74894,0.74922,2.25,2.25
2012.06.18 03:15:15.352,0.74894,0.74922,3.00,2.25
2012.06.18 03:15:15.944,0.74893,0.74921,3.00,2.25
2012.06.18 03:15:21.372,0.74898,0.74926,2.25,2.25
2012.06.18 03:15:23.657,0.74899,0.74927,2.25,2.25
2012.06.18 03:15:24.986,0.74898,0.74926,2.25,2.25
2012.06.18 03:15:25.744,0.74898,0.74928,2.25,2.25
2012.06.18 03:15:30.146,0.74897,0.74927,3.00,2.25
2012.06.18 03:15:47.425,0.74897,0.74925,3.00,2.25
2012.06.18 03:15:48.592,0.74894,0.74924,2.25,2.25
2012.06.18 03:15:52.641,0.7489,0.7492,3.00,2.25
2012.06.18 03:15:53.416,0.7489,0.7492,3.00,2.25
2012.06.18 03:16:00.884,0.74891,0.74921,3.00,2.25
2012.06.18 03:16:01.879,0.74891,0.74919,3.00,2.25
2012.06.18 03:16:03.733,0.74892,0.7492,3.00,2.25
2012.06.18 03:16:05.053,0.74891,0.74919,3.00,2.25
2012.06.18 03:16:08.354,0.74892,0.7492,3.00,2.25
2012.06.18 03:16:11.674,0.74892,0.7492,3.00,2.25
2012.06.18 03:16:12.769,0.74893,0.74921,3.00,2.25
2012.06.18 03:16:13.653,0.74893,0.74921,3.00,2.25
2012.06.18 03:16:16.697,0.74893,0.74921,2.25,2.25
2012.06.18 03:16:16.762,0.74893,0.74921,3.00,2.25
2012.06.18 03:16:16.844,0.74893,0.74921,2.25,2.25
2012.06.18 03:16:17.592,0.74888,0.74916,3.00,2.25
2012.06.18 03:16:17.732,0.74892,0.74923,2.25,2.25
2012.06.18 03:16:18.163,0.74892,0.74923,3.00,2.25
2012.06.18 03:16:20.443,0.74892,0.74924,3.00,2.25
2012.06.18 03:16:21.243,0.74892,0.74924,2.25,2.25
2012.06.18 03:16:21.303,0.74892,0.74924,3.00,2.25
2012.06.18 03:16:21.490,0.74891,0.74924,3.00,2.25
2012.06.18 03:16:21.682,0.74891,0.74924,3.00,2.25
2012.06.18 03:16:21.743,0.74891,0.74924,3.00,2.25
2012.06.18 03:16:22.073,0.74891,0.74924,3.00,2.25
2012.06.18 03:16:22.973,0.74891,0.74925,3.00,2.25
2012.06.18 03:16:24.064,0.74891,0.74925,3.00,2.25
2012.06.18 03:16:24.242,0.74891,0.74924,3.00,2.25
2012.06.18 03:16:25.006,0.74892,0.74923,2.25,2.25
2012.06.18 03:16:28.283,0.74892,0.74923,3.00,2.25
2012.06.18 03:16:28.342,0.74891,0.74925,3.00,2.25
2012.06.18 03:16:29.684,0.74892,0.74926,3.00,2.25
2012.06.18 03:16:29.802,0.74892,0.74926,3.00,2.25
2012.06.18 03:16:29.982,0.74886,0.74916,3.00,2.25
2012.06.18 03:16:30.541,0.74887,0.74915,3.00,2.25
2012.06.18 03:16:32.705,0.74886,0.74914,3.00,2.25
2012.06.18 03:16:39.302,0.74886,0.74916,3.00,2.25
2012.06.18 03:16:41.813,0.74888,0.74916,3.00,2.25
2012.06.18 03:16:42.606,0.74887,0.74915,3.00,2.25
2012.06.18 03:16:43.000,0.74889,0.74923,2.25,3.00
2012.06.18 03:16:43.422,0.74889,0.74923,3.00,2.25
2012.06.18 03:16:43.702,0.74889,0.74923,3.00,2.25
2012.06.18 03:16:45.120,0.74891,0.74924,3.00,2.25
2012.06.18 03:16:48.763,0.74891,0.74923,3.00,2.25
2012.06.18 03:16:53.297,0.7489,0.74924,3.00,2.25
2012.06.18 03:16:53.581,0.7489,0.74924,3.00,2.25
2012.06.18 03:17:01.613,0.74891,0.74924,3.00,2.25
2012.06.18 03:17:02.860,0.74891,0.74923,3.00,2.25
2012.06.18 03:17:13.882,0.74891,0.74923,3.00,2.25
2012.06.18 03:17:15.833,0.74891,0.74923,3.00,2.25
2012.06.18 03:17:17.010,0.7489,0.74924,3.00,2.25
2012.06.18 03:17:29.827,0.7489,0.74922,3.00,2.25
2012.06.18 03:17:33.158,0.74888,0.74922,2.25,2.25
2012.06.18 03:17:39.437,0.74888,0.74922,2.25,3.00
2012.06.18 03:17:39.856,0.74887,0.74915,2.25,2.25
2012.06.18 03:17:40.076,0.74887,0.74917,2.25,2.25
2012.06.18 03:17:43.841,0.74889,0.74917,2.25,2.25
2012.06.18 03:17:45.137,0.74891,0.74919,2.25,2.25
2012.06.18 03:17:45.926,0.7489,0.7492,2.25,2.25
2012.06.18 03:17:47.674,0.7489,0.7492,3.00,2.25
2012.06.18 03:17:48.418,0.74895,0.74923,2.25,2.25
2012.06.18 03:17:48.804,0.74891,0.74919,2.25,2.25
2012.06.18 03:17:50.966,0.7489,0.74918,2.25,2.25
2012.06.18 03:17:52.077,0.74891,0.74919,2.25,2.25
2012.06.18 03:17:52.855,0.74889,0.74919,2.25,2.25
2012.06.18 03:17:52.972,0.74891,0.74919,2.25,2.25
2012.06.18 03:17:53.276,0.74889,0.74917,2.25,2.25
2012.06.18 03:17:53.442,0.74887,0.74917,2.25,2.25
2012.06.18 03:18:04.624,0.74891,0.74921,2.25,2.25
2012.06.18 03:18:04.963,0.74888,0.74916,2.25,2.25
2012.06.18 03:18:05.589,0.74896,0.74926,2.25,3.00
2012.06.18 03:18:05.935,0.74896,0.74926,2.25,2.25
2012.06.18 03:18:21.445,0.74896,0.74926,2.25,3.00
2012.06.18 03:18:25.681,0.74897,0.74927,2.25,3.00
2012.06.18 03:18:52.861,0.74897,0.74927,2.25,2.25
2012.06.18 03:18:53.136,0.74897,0.74925,2.25,2.25
2012.06.18 03:18:53.795,0.74898,0.74926,2.25,2.25
2012.06.18 03:18:53.906,0.74896,0.74926,2.25,2.25
2012.06.18 03:18:59.946,0.74896,0.74926,2.25,3.00
2012.06.18 03:19:00.072,0.74892,0.7492,2.25,2.25
2012.06.18 03:19:02.771,0.74887,0.74917,3.00,2.25
2012.06.18 03:19:04.503,0.74892,0.7492,2.25,2.25
2012.06.18 03:19:04.742,0.74887,0.74917,2.25,2.25
2012.06.18 03:19:05.593,0.74891,0.74921,2.25,2.25
2012.06.18 03:19:08.832,0.74896,0.74926,2.25,2.25
2012.06.18 03:19:10.325,0.74895,0.74925,2.25,2.25
2012.06.18 03:19:10.986,0.74897,0.74925,2.25,2.25
2012.06.18 03:19:13.341,0.74891,0.74921,3.00,2.25
2012.06.18 03:19:35.521,0.74892,0.7492,2.25,2.25
2012.06.18 03:19:35.872,0.74898,0.74926,2.25,2.25
2012.06.18 03:19:36.745,0.74897,0.74927,2.25,2.25
2012.06.18 03:19:37.065,0.74901,0.74929,2.25,2.25
2012.06.18 03:19:37.177,0.74899,0.74929,2.25,2.25
2012.06.18 03:19:37.312,0.74901,0.74929,2.25,2.25
2012.06.18 03:19:44.087,0.74899,0.74927,2.25,2.25
2012.06.18 03:19:45.637,0.74897,0.74927,2.25,2.25
2012.06.18 03:19:45.842,0.74895,0.74923,2.25,2.25
2012.06.18 03:19:46.492,0.74893,0.74923,2.25,2.25
2012.06.18 03:19:46.677,0.74893,0.74921,2.25,2.25
2012.06.18 03:19:47.273,0.74894,0.74922,2.25,2.25
2012.06.18 03:19:47.993,0.74892,0.74922,2.25,2.25
2012.06.18 03:19:55.574,0.74894,0.74924,2.25,2.25
2012.06.18 03:19:58.223,0.74894,0.74922,2.25,2.25
2012.06.18 03:19:58.655,0.74892,0.74922,2.25,2.25
2012.06.18 03:20:04.704,0.74894,0.74922,2.25,2.25
2012.06.18 03:20:05.781,0.74895,0.74923,2.25,2.25
2012.06.18 03:20:07.313,0.74894,0.74922,2.25,3.00
2012.06.18 03:20:08.011,0.74892,0.74922,2.25,3.00
2012.06.18 03:20:14.295,0.7489,0.7492,2.25,3.00
2012.06.18 03:20:15.107,0.7489,0.7492,2.25,3.00
2012.06.18 03:20:15.171,0.7489,0.7492,2.25,2.25
2012.06.18 03:20:15.289,0.74892,0.7492,2.25,2.25
2012.06.18 03:20:17.483,0.74891,0.74919,2.25,2.25
2012.06.18 03:20:18.198,0.74892,0.7492,2.25,2.25
2012.06.18 03:20:23.122,0.74892,0.7492,2.25,3.00
2012.06.18 03:20:23.183,0.74892,0.7492,2.25,2.25
2012.06.18 03:20:23.396,0.7489,0.7492,2.25,2.25
2012.06.18 03:20:29.511,0.74891,0.74919,2.25,2.25
2012.06.18 03:20:29.952,0.74891,0.74921,3.00,2.25
2012.06.18 03:20:30.446,0.74891,0.74919,2.25,2.25
2012.06.18 03:20:35.857,0.74891,0.74921,2.25,2.25
2012.06.18 03:20:36.285,0.74891,0.74919,2.25,2.25
2012.06.18 03:20:39.902,0.74892,0.7492,2.25,2.25
2012.06.18 03:20:48.311,0.74892,0.7492,3.00,2.25
2012.06.18 03:20:49.300,0.74892,0.7492,3.00,2.25
2012.06.18 03:20:50.711,0.74888,0.74918,3.00,2.25
2012.06.18 03:20:51.125,0.74886,0.74916,3.00,2.25
2012.06.18 03:20:59.762,0.74886,0.74916,3.00,2.25
2012.06.18 03:20:59.821,0.74886,0.74916,3.00,2.25
2012.06.18 03:21:00.839,0.74887,0.74915,3.00,2.25
2012.06.18 03:21:06.953,0.74887,0.74915,2.25,2.25
2012.06.18 03:21:07.356,0.74884,0.74912,3.00,2.25
2012.06.18 03:21:10.464,0.74884,0.74912,2.25,2.25
2012.06.18 03:21:11.123,0.74884,0.74912,3.00,2.25
2012.06.18 03:21:11.404,0.74884,0.74912,2.25,2.25
2012.06.18 03:21:17.296,0.74884,0.74912,3.00,2.25
2012.06.18 03:21:18.121,0.74885,0.74915,3.00,2.25
2012.06.18 03:21:30.765,0.74885,0.74913,3.00,2.25
2012.06.18 03:21:31.091,0.74885,0.74913,2.25,2.25
2012.06.18 03:21:31.742,0.74885,0.74913,3.00,2.25
2012.06.18 03:21:33.235,0.74885,0.74913,2.25,2.25
2012.06.18 03:21:33.675,0.7489,0.74918,2.25,2.25
2012.06.18 03:21:33.786,0.74888,0.74918,2.25,2.25
2012.06.18 03:21:35.791,0.74893,0.74923,2.25,3.00
2012.06.18 03:21:38.504,0.74893,0.74921,2.25,2.25
2012.06.18 03:21:44.392,0.74887,0.74919,3.00,2.25
2012.06.18 03:21:44.451,0.74887,0.74917,3.00,2.25
2012.06.18 03:21:44.793,0.74883,0.74913,3.00,2.25
2012.06.18 03:21:45.002,0.74887,0.74919,2.25,3.00
2012.06.18 03:21:45.251,0.74879,0.74907,3.00,2.25
2012.06.18 03:21:45.561,0.74887,0.74919,2.25,3.00
2012.06.18 03:21:45.771,0.74878,0.74908,3.00,2.25
2012.06.18 03:21:46.012,0.74887,0.74919,2.25,3.00
2012.06.18 03:21:46.310,0.74878,0.74908,3.00,2.25
2012.06.18 03:21:46.552,0.74887,0.74919,2.25,3.00
2012.06.18 03:21:46.762,0.74878,0.74908,3.00,2.25
2012.06.18 03:21:47.042,0.74884,0.74912,2.25,2.25
2012.06.18 03:21:47.341,0.74878,0.74908,3.00,2.25
2012.06.18 03:21:47.871,0.74887,0.74919,2.25,3.00
2012.06.18 03:21:51.053,0.74884,0.74912,2.25,2.25
2012.06.18 03:21:55.132,0.74888,0.74916,2.25,2.25
2012.06.18 03:21:56.874,0.74889,0.74917,2.25,2.25
2012.06.18 03:22:01.113,0.74884,0.74912,2.25,2.25
2012.06.18 03:22:01.392,0.74888,0.74918,2.25,2.25
2012.06.18 03:22:01.612,0.74884,0.74912,3.00,2.25
2012.06.18 03:22:01.827,0.74884,0.74914,3.00,2.25
2012.06.18 03:22:01.967,0.74884,0.74914,2.25,2.25
2012.06.18 03:22:02.222,0.74884,0.74914,3.00,2.25
2012.06.18 03:22:02.522,0.74879,0.74909,3.00,2.25
2012.06.18 03:22:02.615,0.74879,0.74909,3.00,2.25
2012.06.18 03:22:06.293,0.74884,0.74914,2.25,2.25
2012.06.18 03:22:06.671,0.74884,0.74914,3.00,2.25
2012.06.18 03:22:13.983,0.74887,0.74921,2.25,2.25
2012.06.18 03:22:15.925,0.74887,0.74921,2.25,3.00
2012.06.18 03:22:16.352,0.74884,0.74914,2.25,2.25
2012.06.18 03:22:16.652,0.74887,0.74921,2.25,3.00
2012.06.18 03:22:16.745,0.74884,0.74914,2.25,2.25
2012.06.18 03:22:17.011,0.74888,0.7492,2.25,3.00
2012.06.18 03:22:18.102,0.74885,0.74913,2.25,2.25
2012.06.18 03:22:31.212,0.74885,0.74915,2.25,2.25
2012.06.18 03:22:31.955,0.74887,0.74917,2.25,2.25
2012.06.18 03:22:40.234,0.74887,0.74915,2.25,2.25
2012.06.18 03:22:40.755,0.74885,0.74915,3.00,2.25
2012.06.18 03:22:41.764,0.74885,0.74915,2.25,2.25
2012.06.18 03:22:42.582,0.74884,0.74914,2.25,2.25
2012.06.18 03:22:43.624,0.74884,0.74914,3.00,2.25
2012.06.18 03:22:46.105,0.74884,0.74914,2.25,2.25
2012.06.18 03:22:52.184,0.74885,0.74915,2.25,2.25
2012.06.18 03:23:00.677,0.74885,0.74915,2.25,3.00
2012.06.18 03:23:03.203,0.74885,0.74915,2.25,2.25
2012.06.18 03:23:03.425,0.74885,0.74915,2.25,3.00
2012.06.18 03:23:03.656,0.74885,0.74915,2.25,2.25
2012.06.18 03:23:18.717,0.74885,0.74915,2.25,3.00
2012.06.18 03:23:18.954,0.74886,0.74916,2.25,2.25
2012.06.18 03:23:19.346,0.74886,0.74916,2.25,3.00
2012.06.18 03:23:19.692,0.74887,0.74917,2.25,2.25
2012.06.18 03:23:20.212,0.74886,0.74916,2.25,3.00
2012.06.18 03:23:22.405,0.74886,0.74914,2.25,2.25
2012.06.18 03:23:54.216,0.74884,0.74914,2.25,3.00
2012.06.18 03:23:57.735,0.74886,0.74914,2.25,3.00
2012.06.18 03:24:17.884,0.74883,0.74913,2.25,2.25
2012.06.18 03:24:21.212,0.74881,0.74911,3.00,2.25
2012.06.18 03:24:21.564,0.74881,0.74909,2.25,2.25
2012.06.18 03:24:37.203,0.74884,0.74912,2.25,2.25
2012.06.18 03:24:37.386,0.74882,0.74912,2.25,2.25
2012.06.18 03:24:37.452,0.74881,0.74909,2.25,2.25
2012.06.18 03:24:38.651,0.74882,0.7491,2.25,2.25
2012.06.18 03:24:42.118,0.74879,0.74909,2.25,2.25
2012.06.18 03:24:55.375,0.74879,0.74909,3.00,2.25
2012.06.18 03:25:01.155,0.74879,0.74909,2.25,2.25
2012.06.18 03:25:02.194,0.74879,0.74909,3.00,2.25
2012.06.18 03:25:03.414,0.74879,0.74909,2.25,2.25
2012.06.18 03:25:03.904,0.74879,0.74909,3.00,2.25
2012.06.18 03:25:05.935,0.74879,0.74909,2.25,2.25
2012.06.18 03:25:06.714,0.74879,0.74909,3.00,2.25
2012.06.18 03:25:08.684,0.74879,0.74909,2.25,2.25
2012.06.18 03:25:25.854,0.74879,0.74909,3.00,2.25
2012.06.18 03:25:26.351,0.74879,0.74909,2.25,2.25
2012.06.18 03:25:46.196,0.74879,0.74909,3.00,2.25
2012.06.18 03:25:48.617,0.74881,0.74909,2.25,2.25
2012.06.18 03:25:49.779,0.74881,0.74909,3.00,2.25
2012.06.18 03:25:51.172,0.74886,0.74914,2.25,2.25
2012.06.18 03:25:55.872,0.74894,0.74924,2.25,3.00
2012.06.18 03:25:55.993,0.74891,0.74919,2.25,2.25
2012.06.18 03:25:56.312,0.74893,0.74925,2.25,3.00
2012.06.18 03:25:56.543,0.74885,0.74915,3.00,2.25
2012.06.18 03:25:56.752,0.7489,0.7492,2.25,2.25
2012.06.18 03:25:56.976,0.74892,0.74926,2.25,3.00
2012.06.18 03:25:57.197,0.74891,0.74919,2.25,2.25
2012.06.18 03:25:57.523,0.74893,0.74925,2.25,3.00
2012.06.18 03:25:57.642,0.74893,0.74925,2.25,3.00
2012.06.18 03:25:57.762,0.7489,0.7492,2.25,3.00
2012.06.18 03:26:00.366,0.7489,0.7492,2.25,2.25
2012.06.18 03:26:01.137,0.7489,0.7492,2.25,3.00
2012.06.18 03:26:03.010,0.74889,0.74919,2.25,3.00
2012.06.18 03:26:34.684,0.74889,0.74919,2.25,3.00
2012.06.18 03:26:35.457,0.74889,0.74919,2.25,3.00
2012.06.18 03:26:41.784,0.74882,0.74916,2.25,3.00
2012.06.18 03:26:43.657,0.74882,0.74916,2.25,3.00
2012.06.18 03:26:43.924,0.74882,0.74916,2.25,3.00
2012.06.18 03:26:52.453,0.7488,0.74909,2.25,3.00
2012.06.18 03:27:45.065,0.74878,0.74908,2.25,3.00
2012.06.18 03:27:45.313,0.74877,0.74907,2.25,2.25
2012.06.18 03:27:46.837,0.74877,0.74905,2.25,2.25
2012.06.18 03:27:48.155,0.74878,0.74906,2.25,2.25
2012.06.18 03:27:48.683,0.74877,0.74907,2.25,2.25
2012.06.18 03:27:48.992,0.74877,0.74905,2.25,2.25
2012.06.18 03:27:49.633,0.74878,0.74906,2.25,2.25
2012.06.18 03:27:57.663,0.74872,0.74902,2.25,2.25
2012.06.18 03:27:57.882,0.74878,0.74906,2.25,3.00
2012.06.18 03:27:58.062,0.74869,0.74897,2.25,2.25
2012.06.18 03:27:58.208,0.74869,0.74897,3.00,2.25
2012.06.18 03:27:58.275,0.7487,0.74904,3.00,2.25
2012.06.18 03:28:00.184,0.7487,0.74904,2.25,3.00
2012.06.18 03:28:01.247,0.74872,0.74906,2.25,3.00
2012.06.18 03:28:01.684,0.74874,0.74906,2.25,3.00
2012.06.18 03:28:02.344,0.74875,0.74907,2.25,3.00
2012.06.18 03:28:04.155,0.74875,0.74907,2.25,2.25
2012.06.18 03:28:05.048,0.74876,0.7491,2.25,3.00
2012.06.18 03:28:05.442,0.7488,0.74912,2.25,3.00
2012.06.18 03:28:06.122,0.74879,0.74911,2.25,3.00
2012.06.18 03:28:06.187,0.74879,0.74911,2.25,2.25
2012.06.18 03:28:06.323,0.74877,0.74911,2.25,2.25
2012.06.18 03:28:06.516,0.74877,0.74911,2.25,3.00
2012.06.18 03:28:06.974,0.74874,0.74906,3.00,2.25
2012.06.18 03:28:08.028,0.74881,0.74909,2.25,2.25
2012.06.18 03:28:14.276,0.74879,0.7491,2.25,2.25
2012.06.18 03:28:14.403,0.7488,0.74908,2.25,2.25
2012.06.18 03:28:21.216,0.7488,0.74909,2.25,2.25
2012.06.18 03:28:43.554,0.74877,0.74907,2.25,2.25
2012.06.18 03:28:43.763,0.74875,0.74905,2.25,2.25
2012.06.18 03:28:44.133,0.74875,0.74903,2.25,2.25
2012.06.18 03:28:44.418,0.74873,0.74903,2.25,2.25
2012.06.18 03:28:45.129,0.74874,0.74904,2.25,2.25
2012.06.18 03:28:46.038,0.74876,0.74906,2.25,2.25
2012.06.18 03:28:47.382,0.74879,0.74907,2.25,2.25
2012.06.18 03:28:48.306,0.74877,0.74905,2.25,2.25
2012.06.18 03:28:49.091,0.74878,0.74906,2.25,2.25
2012.06.18 03:28:50.545,0.74876,0.74906,2.25,2.25
2012.06.18 03:28:51.108,0.74877,0.74907,2.25,2.25
2012.06.18 03:28:51.872,0.74876,0.74906,3.00,2.25
2012.06.18 03:28:54.067,0.74878,0.74906,2.25,2.25
2012.06.18 03:28:54.856,0.74877,0.74907,2.25,2.25
2012.06.18 03:28:57.794,0.74878,0.74908,2.25,3.00
2012.06.18 03:28:58.113,0.74878,0.74906,2.25,2.25
2012.06.18 03:28:58.172,0.74878,0.74908,2.25,3.00
2012.06.18 03:29:01.536,0.7488,0.74908,2.25,3.00
2012.06.18 03:29:01.645,0.74878,0.74908,2.25,3.00
2012.06.18 03:29:02.350,0.74879,0.74909,2.25,3.00
2012.06.18 03:29:02.884,0.74878,0.74908,2.25,3.00
2012.06.18 03:29:06.415,0.74877,0.74907,2.25,2.25
2012.06.18 03:29:07.206,0.74878,0.74908,2.25,2.25
2012.06.18 03:29:08.361,0.74878,0.74908,3.00,2.25
2012.06.18 03:29:08.424,0.74884,0.74912,2.25,2.25
2012.06.18 03:29:08.617,0.74878,0.74908,3.00,2.25
2012.06.18 03:29:09.183,0.74878,0.74908,2.25,2.25
2012.06.18 03:29:09.514,0.74876,0.74906,2.25,2.25
2012.06.18 03:29:17.573,0.74875,0.74905,3.00,2.25
2012.06.18 03:29:18.185,0.74873,0.74903,3.00,2.25
2012.06.18 03:29:19.151,0.74874,0.74904,3.00,2.25
2012.06.18 03:29:20.154,0.74875,0.74905,3.00,2.25
2012.06.18 03:29:21.712,0.74875,0.74905,2.25,2.25
2012.06.18 03:29:30.795,0.74875,0.74905,3.00,2.25
2012.06.18 03:29:31.730,0.74876,0.74906,3.00,2.25
2012.06.18 03:29:34.343,0.74878,0.74906,2.25,2.25
2012.06.18 03:29:37.733,0.7488,0.74908,2.25,2.25
2012.06.18 03:29:39.030,0.7488,0.7491,2.25,2.25
2012.06.18 03:29:40.242,0.74879,0.74909,2.25,2.25
2012.06.18 03:29:46.269,0.7488,0.7491,2.25,2.25
2012.06.18 03:29:46.816,0.74881,0.74911,2.25,2.25
2012.06.18 03:29:48.157,0.74881,0.74909,2.25,2.25
2012.06.18 03:29:48.212,0.74881,0.74911,2.25,2.25
2012.06.18 03:29:55.966,0.7488,0.74908,2.25,2.25
2012.06.18 03:29:59.156,0.74881,0.74911,2.25,2.25
2012.06.18 03:30:03.034,0.74886,0.74914,2.25,2.25
2012.06.18 03:30:03.562,0.74889,0.74919,2.25,3.00
2012.06.18 03:30:03.793,0.74886,0.74914,2.25,2.25
2012.06.18 03:30:07.744,0.7489,0.7492,2.25,3.00
2012.06.18 03:30:07.966,0.74885,0.74915,2.25,2.25
2012.06.18 03:30:15.702,0.74884,0.74914,2.25,2.25
2012.06.18 03:30:19.310,0.74889,0.74917,2.25,2.25
2012.06.18 03:30:20.178,0.7489,0.74918,2.25,2.25
2012.06.18 03:30:21.123,0.74899,0.74929,2.25,3.00
2012.06.18 03:30:21.985,0.74899,0.74929,2.25,3.00
2012.06.18 03:30:22.223,0.74899,0.74929,2.25,3.00
2012.06.18 03:30:22.317,0.74899,0.74929,2.25,3.00
2012.06.18 03:30:22.751,0.74897,0.74927,2.25,2.25
2012.06.18 03:30:22.814,0.74889,0.74921,3.00,2.25
2012.06.18 03:30:22.873,0.74889,0.74921,2.25,2.25
2012.06.18 03:30:23.723,0.74888,0.74921,2.25,2.25
2012.06.18 03:30:24.246,0.74886,0.7492,3.00,2.25
2012.06.18 03:30:24.512,0.74886,0.74918,3.00,2.25
2012.06.18 03:30:25.893,0.74891,0.74921,2.25,2.25
2012.06.18 03:30:26.289,0.74887,0.74917,2.25,2.25
2012.06.18 03:30:26.824,0.74886,0.74916,3.00,2.25
2012.06.18 03:30:26.963,0.74888,0.74918,2.25,2.25
2012.06.18 03:30:27.516,0.74889,0.74919,2.25,2.25
2012.06.18 03:30:28.286,0.74888,0.74918,2.25,2.25
2012.06.18 03:30:30.794,0.7489,0.74918,2.25,2.25
2012.06.18 03:30:31.839,0.74891,0.74919,2.25,3.00
2012.06.18 03:30:37.366,0.74889,0.74919,2.25,3.00
2012.06.18 03:30:38.009,0.74889,0.74919,2.25,3.00
2012.06.18 03:30:38.073,0.74888,0.74916,2.25,2.25
2012.06.18 03:30:39.724,0.74889,0.74917,2.25,2.25
2012.06.18 03:30:49.779,0.7489,0.74918,2.25,2.25
2012.06.18 03:30:49.880,0.7489,0.7492,2.25,2.25
2012.06.18 03:30:49.944,0.74894,0.74922,2.25,3.00
2012.06.18 03:30:51.467,0.74894,0.74922,2.25,2.25
2012.06.18 03:30:51.662,0.74896,0.74926,2.25,3.00
2012.06.18 03:30:52.417,0.74896,0.74926,2.25,3.00
2012.06.18 03:30:53.960,0.74896,0.74926,2.25,3.00
2012.06.18 03:30:55.388,0.74895,0.74923,2.25,3.00
2012.06.18 03:30:57.626,0.74895,0.74923,2.25,3.00
2012.06.18 03:30:58.153,0.7489,0.74918,2.25,3.00
2012.06.18 03:30:58.393,0.74895,0.74923,2.25,2.25
2012.06.18 03:30:58.963,0.74895,0.74923,2.25,3.00
2012.06.18 03:30:59.022,0.74889,0.74919,2.25,3.00
2012.06.18 03:30:59.143,0.74894,0.74924,2.25,3.00
2012.06.18 03:30:59.202,0.74894,0.74924,2.25,3.00
2012.06.18 03:30:59.383,0.74894,0.74924,2.25,3.00
2012.06.18 03:30:59.584,0.74889,0.74919,2.25,3.00
2012.06.18 03:30:59.775,0.74892,0.74922,2.25,2.25
2012.06.18 03:30:59.989,0.74892,0.74922,2.25,3.00
2012.06.18 03:31:00.114,0.74889,0.74917,2.25,2.25
2012.06.18 03:31:00.206,0.74892,0.74922,2.25,3.00
2012.06.18 03:31:00.573,0.74889,0.74917,2.25,2.25
2012.06.18 03:31:02.883,0.74884,0.74914,2.25,2.25
2012.06.18 03:31:03.543,0.74884,0.74914,2.25,3.00
2012.06.18 03:31:18.684,0.74882,0.74912,2.25,2.25
2012.06.18 03:31:27.112,0.74882,0.7491,2.25,2.25
2012.06.18 03:31:32.467,0.74883,0.74917,2.25,2.25
2012.06.18 03:31:34.996,0.74883,0.74915,2.25,2.25
2012.06.18 03:31:36.108,0.74884,0.74916,2.25,2.25
2012.06.18 03:31:37.306,0.74884,0.74918,2.25,3.00
2012.06.18 03:31:57.989,0.74883,0.74917,2.25,2.25
2012.06.18 03:31:58.087,0.74883,0.74917,2.25,3.00
2012.06.18 03:32:02.335,0.74883,0.74915,2.25,2.25
2012.06.18 03:32:03.642,0.74883,0.74916,2.25,2.25
2012.06.18 03:32:04.766,0.74883,0.74916,2.25,3.00
2012.06.18 03:32:04.877,0.74883,0.74916,2.25,2.25
2012.06.18 03:32:05.017,0.74882,0.74914,2.25,2.25
2012.06.18 03:32:05.137,0.74883,0.74916,2.25,2.25
2012.06.18 03:32:05.712,0.74884,0.74918,2.25,2.25
2012.06.18 03:32:06.358,0.74883,0.74917,2.25,2.25
2012.06.18 03:32:08.228,0.74883,0.74917,2.25,3.00
2012.06.18 03:32:13.975,0.74879,0.74909,2.25,2.25
2012.06.18 03:32:16.514,0.7488,0.7491,2.25,2.25
2012.06.18 03:32:17.073,0.7488,0.7491,3.00,2.25
2012.06.18 03:32:18.675,0.74881,0.74911,3.00,2.25
2012.06.18 03:32:19.104,0.74883,0.74917,2.25,2.25
2012.06.18 03:32:19.332,0.74882,0.7491,3.00,2.25
2012.06.18 03:32:23.826,0.74887,0.74915,2.25,2.25
2012.06.18 03:32:35.604,0.74881,0.74911,3.00,2.25
2012.06.18 03:32:35.705,0.74877,0.74905,3.00,2.25
2012.06.18 03:32:35.942,0.74877,0.74905,3.00,2.25
2012.06.18 03:32:40.393,0.74877,0.74905,3.00,2.25
2012.06.18 03:32:40.513,0.74877,0.74905,3.00,2.25
2012.06.18 03:32:40.714,0.74875,0.74903,3.00,2.25
2012.06.18 03:33:02.703,0.74875,0.74903,2.25,2.25
2012.06.18 03:33:02.825,0.74869,0.74899,3.00,2.25
2012.06.18 03:33:03.750,0.74875,0.74903,2.25,2.25
2012.06.18 03:33:04.988,0.74875,0.74903,3.00,2.25
2012.06.18 03:33:05.053,0.74876,0.74906,3.00,2.25
2012.06.18 03:33:09.537,0.7488,0.7491,2.25,2.25
2012.06.18 03:33:09.925,0.7488,0.7491,3.00,2.25
2012.06.18 03:33:13.293,0.74883,0.74911,2.25,2.25
2012.06.18 03:33:46.545,0.74882,0.7491,2.25,2.25
2012.06.18 03:34:02.835,0.74882,0.74912,2.25,2.25
2012.06.18 03:34:03.706,0.74882,0.74912,2.25,3.00
2012.06.18 03:34:05.468,0.74882,0.74912,2.25,2.25
2012.06.18 03:34:06.823,0.74883,0.74913,2.25,2.25
2012.06.18 03:34:15.477,0.74883,0.74913,2.25,3.00
2012.06.18 03:34:15.857,0.74884,0.74914,2.25,3.00
2012.06.18 03:34:20.038,0.74884,0.74914,2.25,3.00
2012.06.18 03:34:21.745,0.74884,0.74914,2.25,3.00
2012.06.18 03:34:25.155,0.74886,0.74914,2.25,3.00
2012.06.18 03:34:31.207,0.74885,0.74913,2.25,2.25
2012.06.18 03:34:32.313,0.74885,0.74913,2.25,3.00
2012.06.18 03:34:35.508,0.74885,0.74913,2.25,2.25
2012.06.18 03:34:35.936,0.74881,0.74911,2.25,2.25
2012.06.18 03:34:36.175,0.74883,0.74911,2.25,2.25
2012.06.18 03:34:38.267,0.74883,0.74913,2.25,2.25
2012.06.18 03:34:38.465,0.74885,0.74913,2.25,2.25
2012.06.18 03:34:51.473,0.74879,0.74909,2.25,3.00
2012.06.18 03:34:52.373,0.74884,0.74914,2.25,3.00
2012.06.18 03:34:54.864,0.74884,0.74914,2.25,2.25
2012.06.18 03:34:55.863,0.74885,0.74915,2.25,2.25
2012.06.18 03:34:59.364,0.74885,0.74915,2.25,3.00
2012.06.18 03:35:00.624,0.74881,0.74911,2.25,2.25
2012.06.18 03:35:01.176,0.74884,0.74912,2.25,2.25
2012.06.18 03:35:01.748,0.74883,0.74911,2.25,2.25
2012.06.18 03:35:01.835,0.74883,0.74913,2.25,3.00
2012.06.18 03:35:02.386,0.74885,0.74913,2.25,3.00
2012.06.18 03:35:04.274,0.74886,0.74916,2.25,3.00
2012.06.18 03:35:04.333,0.74886,0.74916,2.25,2.25
2012.06.18 03:35:04.394,0.74887,0.74917,2.25,3.00
2012.06.18 03:35:04.823,0.74883,0.74913,2.25,2.25
2012.06.18 03:35:04.883,0.74883,0.74913,2.25,3.00
2012.06.18 03:35:08.395,0.74883,0.74913,2.25,2.25
2012.06.18 03:35:27.704,0.74885,0.74915,2.25,3.00
2012.06.18 03:35:28.138,0.74888,0.74916,2.25,3.00
2012.06.18 03:35:35.507,0.74889,0.74917,2.25,3.00
2012.06.18 03:35:35.577,0.74889,0.74917,2.25,2.25
2012.06.18 03:35:35.694,0.7489,0.7492,2.25,3.00
2012.06.18 03:35:36.534,0.74891,0.74921,2.25,3.00
2012.06.18 03:35:40.297,0.74888,0.74918,2.25,2.25
2012.06.18 03:35:40.958,0.74887,0.74917,2.25,2.25
2012.06.18 03:35:41.653,0.7489,0.74918,2.25,2.25
2012.06.18 03:35:42.267,0.7489,0.7492,2.25,3.00
2012.06.18 03:35:42.596,0.74892,0.7492,2.25,3.00
2012.06.18 03:36:01.155,0.74892,0.7492,2.25,2.25
2012.06.18 03:36:01.968,0.74892,0.7492,2.25,3.00
2012.06.18 03:36:02.188,0.74892,0.7492,2.25,2.25
2012.06.18 03:36:04.763,0.74892,0.7492,2.25,3.00
2012.06.18 03:36:04.883,0.74887,0.74917,2.25,2.25
2012.06.18 03:36:05.004,0.74892,0.7492,2.25,2.25
2012.06.18 03:36:12.247,0.74889,0.74919,3.00,2.25
2012.06.18 03:36:12.306,0.74889,0.74919,2.25,2.25
2012.06.18 03:36:14.998,0.74893,0.74921,2.25,2.25
2012.06.18 03:36:15.707,0.7489,0.74918,2.25,2.25
2012.06.18 03:36:16.196,0.74888,0.74916,2.25,2.25
2012.06.18 03:36:16.534,0.74893,0.74921,2.25,2.25
2012.06.18 03:36:16.863,0.74888,0.74916,2.25,2.25
2012.06.18 03:36:21.816,0.74893,0.74921,2.25,2.25
2012.06.18 03:36:23.967,0.74893,0.74921,2.25,3.00
2012.06.18 03:36:24.143,0.74884,0.74912,2.25,2.25
2012.06.18 03:36:25.124,0.74887,0.74917,2.25,2.25
2012.06.18 03:36:26.133,0.74893,0.74921,2.25,2.25
2012.06.18 03:36:33.064,0.74888,0.74916,2.25,2.25
2012.06.18 03:36:44.896,0.74887,0.74915,3.00,2.25
2012.06.18 03:36:50.698,0.74887,0.74915,3.00,2.25
2012.06.18 03:36:52.124,0.74887,0.74915,3.00,2.25
2012.06.18 03:36:54.656,0.74887,0.74915,3.00,2.25
2012.06.18 03:36:57.003,0.74887,0.74915,2.25,2.25
2012.06.18 03:37:00.114,0.74892,0.7492,2.25,2.25
2012.06.18 03:37:00.654,0.74887,0.74915,2.25,2.25
2012.06.18 03:37:12.763,0.7489,0.74918,2.25,2.25
2012.06.18 03:37:13.496,0.74891,0.74921,2.25,2.25
2012.06.18 03:37:30.987,0.7489,0.7492,2.25,2.25
2012.06.18 03:37:31.517,0.74891,0.74919,2.25,2.25
2012.06.18 03:37:31.628,0.74889,0.74919,2.25,2.25
2012.06.18 03:37:43.389,0.74889,0.74917,2.25,2.25
2012.06.18 03:38:01.645,0.74883,0.74913,3.00,2.25
2012.06.18 03:38:01.883,0.74892,0.74923,2.25,3.00
2012.06.18 03:38:01.975,0.74881,0.74915,3.00,2.25
2012.06.18 03:38:03.333,0.74889,0.74917,2.25,2.25
2012.06.18 03:38:07.146,0.74894,0.74922,2.25,2.25
2012.06.18 03:38:09.394,0.74889,0.74917,2.25,2.25
2012.06.18 03:38:09.804,0.74889,0.74919,2.25,2.25
2012.06.18 03:38:09.879,0.74889,0.74919,3.00,2.25
2012.06.18 03:38:10.097,0.74889,0.74919,2.25,2.25
2012.06.18 03:38:10.239,0.74891,0.74921,2.25,2.25
2012.06.18 03:38:19.689,0.74892,0.74922,2.25,2.25
2012.06.18 03:38:48.106,0.74887,0.74917,2.25,2.25
2012.06.18 03:38:54.046,0.74892,0.74922,2.25,2.25
2012.06.18 03:39:10.985,0.74892,0.7492,2.25,2.25
2012.06.18 03:39:14.824,0.74891,0.74919,2.25,2.25
2012.06.18 03:39:21.503,0.74886,0.74916,3.00,2.25
2012.06.18 03:39:58.414,0.74882,0.7491,3.00,2.25
2012.06.18 03:39:58.474,0.74882,0.7491,2.25,2.25
2012.06.18 03:40:13.569,0.74882,0.7491,3.00,2.25
2012.06.18 03:40:13.680,0.74882,0.74912,3.00,2.25
2012.06.18 03:40:13.744,0.74882,0.74912,3.00,2.25
2012.06.18 03:40:13.944,0.74882,0.74912,3.00,2.25
2012.06.18 03:40:14.769,0.74886,0.74916,3.00,2.25
2012.06.18 03:40:16.654,0.74883,0.74913,2.25,2.25
2012.06.18 03:40:17.255,0.74882,0.74912,2.25,2.25
2012.06.18 03:40:18.509,0.74881,0.74911,3.00,2.25
2012.06.18 03:40:19.785,0.7488,0.7491,3.00,2.25
2012.06.18 03:40:22.846,0.7488,0.7491,3.00,2.25
2012.06.18 03:40:23.295,0.74887,0.74915,2.25,2.25
2012.06.18 03:40:23.824,0.74884,0.74914,3.00,2.25
2012.06.18 03:40:23.884,0.74884,0.74914,2.25,2.25
2012.06.18 03:40:23.967,0.74884,0.74914,3.00,2.25
2012.06.18 03:40:24.025,0.74893,0.74923,2.25,2.25
2012.06.18 03:40:24.894,0.74896,0.7493,2.25,3.00
2012.06.18 03:40:25.014,0.74894,0.74922,2.25,2.25
2012.06.18 03:40:42.614,0.74891,0.74919,2.25,2.25
2012.06.18 03:40:43.283,0.7489,0.74918,2.25,2.25
2012.06.18 03:40:45.250,0.7489,0.7492,2.25,2.25
2012.06.18 03:40:45.532,0.74893,0.74923,2.25,2.25
2012.06.18 03:40:45.867,0.74891,0.74919,2.25,2.25
2012.06.18 03:40:47.314,0.74887,0.74915,2.25,2.25
2012.06.18 03:40:48.644,0.74886,0.74914,2.25,2.25
2012.06.18 03:40:56.398,0.74886,0.74914,3.00,2.25
2012.06.18 03:41:03.980,0.74887,0.74915,3.00,2.25
2012.06.18 03:41:04.863,0.74886,0.74914,3.00,2.25
2012.06.18 03:41:10.917,0.74886,0.74914,2.25,2.25
2012.06.18 03:41:15.538,0.74886,0.74916,2.25,2.25
2012.06.18 03:41:15.756,0.74882,0.7491,2.25,2.25
2012.06.18 03:41:16.046,0.74883,0.74913,2.25,2.25
2012.06.18 03:41:16.104,0.74885,0.74913,2.25,2.25
2012.06.18 03:41:16.765,0.74886,0.74914,2.25,2.25
2012.06.18 03:41:17.944,0.74886,0.74916,2.25,2.25
2012.06.18 03:41:22.909,0.74888,0.74916,2.25,2.25
2012.06.18 03:41:23.244,0.74883,0.74913,3.00,2.25
2012.06.18 03:41:23.304,0.74883,0.74913,2.25,2.25
2012.06.18 03:41:23.895,0.74878,0.74908,2.25,2.25
2012.06.18 03:41:24.247,0.74878,0.74908,3.00,2.25
2012.06.18 03:41:24.606,0.74876,0.74904,3.00,2.25
2012.06.18 03:41:24.955,0.74876,0.74904,3.00,2.25
2012.06.18 03:41:26.400,0.74876,0.74904,3.00,2.25
2012.06.18 03:41:28.856,0.74876,0.74904,2.25,2.25
2012.06.18 03:41:41.374,0.74876,0.74904,3.00,2.25
2012.06.18 03:41:42.452,0.74877,0.74905,2.25,2.25
2012.06.18 03:41:45.505,0.74872,0.749,3.00,2.25
2012.06.18 03:41:52.436,0.74872,0.74902,3.00,2.25
2012.06.18 03:41:53.041,0.74873,0.74903,2.25,2.25
2012.06.18 03:42:01.786,0.74879,0.74907,2.25,2.25
2012.06.18 03:42:21.538,0.74875,0.74905,3.00,2.25
2012.06.18 03:42:22.221,0.74877,0.74905,2.25,2.25
2012.06.18 03:42:26.974,0.74877,0.74905,3.00,2.25
2012.06.18 03:42:27.294,0.74887,0.74915,2.25,2.25
2012.06.18 03:42:33.636,0.74883,0.74913,2.25,2.25
2012.06.18 03:42:38.354,0.74885,0.74913,2.25,2.25
2012.06.18 03:42:40.346,0.74883,0.74913,2.25,2.25
2012.06.18 03:42:42.420,0.74881,0.74911,3.00,2.25
2012.06.18 03:42:42.939,0.7488,0.7491,2.25,2.25
2012.06.18 03:42:43.515,0.74881,0.74909,2.25,2.25
2012.06.18 03:42:44.169,0.74881,0.74909,3.00,2.25
2012.06.18 03:42:44.353,0.7488,0.7491,2.25,2.25
2012.06.18 03:42:44.414,0.74882,0.7491,2.25,2.25
2012.06.18 03:42:44.737,0.74884,0.74912,2.25,2.25
2012.06.18 03:42:45.640,0.74884,0.74912,3.00,2.25
2012.06.18 03:42:46.074,0.74886,0.7492,3.00,2.25
2012.06.18 03:42:47.949,0.74886,0.7492,2.25,3.00
2012.06.18 03:42:49.209,0.74887,0.7492,2.25,3.00
2012.06.18 03:42:50.042,0.74887,0.7492,2.25,3.00
2012.06.18 03:42:52.455,0.74887,0.7492,2.25,3.00
2012.06.18 03:42:52.884,0.74893,0.74923,2.25,3.00
2012.06.18 03:42:54.844,0.74888,0.74919,2.25,3.00
2012.06.18 03:42:55.746,0.74888,0.74919,2.25,2.25
2012.06.18 03:43:00.364,0.74884,0.74912,3.00,2.25
2012.06.18 03:43:08.405,0.74884,0.74912,2.25,2.25
2012.06.18 03:43:27.490,0.74883,0.74911,2.25,2.25
2012.06.18 03:43:27.724,0.74883,0.74913,2.25,2.25
2012.06.18 03:43:28.606,0.74882,0.74912,3.00,2.25
2012.06.18 03:43:31.136,0.74884,0.74912,2.25,2.25
2012.06.18 03:43:37.519,0.74883,0.74911,2.25,2.25
2012.06.18 03:43:38.221,0.74881,0.74911,3.00,2.25
2012.06.18 03:43:44.670,0.74881,0.74911,3.00,2.25
2012.06.18 03:43:45.040,0.74884,0.74912,2.25,2.25
2012.06.18 03:44:10.894,0.74884,0.74914,2.25,2.25
2012.06.18 03:44:10.957,0.74886,0.74914,2.25,2.25
2012.06.18 03:44:12.196,0.74886,0.74916,2.25,2.25
2012.06.18 03:44:31.677,0.74886,0.74916,2.25,3.00
2012.06.18 03:44:32.890,0.74886,0.74916,2.25,2.25
2012.06.18 03:44:32.953,0.74886,0.74914,2.25,2.25
2012.06.18 03:44:35.026,0.74887,0.74915,2.25,2.25
2012.06.18 03:44:37.054,0.74882,0.74912,2.25,2.25
2012.06.18 03:44:37.398,0.74882,0.74912,3.00,2.25
2012.06.18 03:44:37.554,0.74887,0.74915,2.25,2.25
2012.06.18 03:44:37.794,0.7489,0.74924,2.25,3.00
2012.06.18 03:44:42.046,0.74897,0.74925,2.25,3.00
2012.06.18 03:44:50.156,0.74897,0.74925,2.25,3.00
2012.06.18 03:44:50.355,0.7489,0.74924,2.25,3.00
2012.06.18 03:45:05.986,0.7489,0.74924,2.25,3.00
2012.06.18 03:45:10.223,0.74896,0.74926,2.25,3.00
2012.06.18 03:45:14.965,0.74896,0.74926,2.25,3.00
2012.06.18 03:45:15.835,0.74895,0.74925,2.25,3.00
2012.06.18 03:45:15.899,0.74895,0.74925,2.25,3.00
2012.06.18 03:45:16.665,0.74897,0.74925,2.25,3.00
2012.06.18 03:45:36.338,0.74891,0.74923,2.25,2.25
2012.06.18 03:45:45.147,0.74891,0.74923,2.25,3.00
2012.06.18 03:45:45.748,0.74891,0.74923,2.25,2.25
2012.06.18 03:45:49.206,0.74891,0.74923,2.25,3.00
2012.06.18 03:45:49.495,0.74891,0.74923,2.25,3.00
2012.06.18 03:45:50.437,0.74894,0.74928,2.25,3.00
2012.06.18 03:45:50.758,0.74896,0.74927,2.25,3.00
2012.06.18 03:45:51.784,0.74898,0.7493,2.25,3.00
2012.06.18 03:45:52.066,0.74896,0.74927,2.25,3.00
2012.06.18 03:45:52.616,0.74895,0.74929,2.25,3.00
2012.06.18 03:45:53.207,0.74896,0.7493,2.25,3.00
2012.06.18 03:45:53.388,0.74893,0.74926,2.25,3.00
2012.06.18 03:45:53.617,0.74893,0.74926,2.25,3.00
2012.06.18 03:45:55.178,0.74892,0.74924,2.25,3.00
2012.06.18 03:46:05.704,0.7489,0.74921,2.25,2.25
2012.06.18 03:46:05.845,0.74891,0.74925,2.25,3.00
2012.06.18 03:46:05.997,0.74889,0.74922,2.25,2.25
2012.06.18 03:46:06.056,0.74889,0.74922,3.00,2.25
2012.06.18 03:46:06.174,0.74888,0.74922,2.25,2.25
2012.06.18 03:46:06.234,0.7489,0.74922,2.25,2.25
2012.06.18 03:46:06.758,0.74891,0.74925,2.25,3.00
2012.06.18 03:46:07.294,0.74893,0.74925,2.25,3.00
2012.06.18 03:46:16.880,0.7489,0.74918,2.25,2.25
2012.06.18 03:46:25.465,0.7489,0.74918,3.00,2.25
2012.06.18 03:46:26.154,0.74885,0.74915,3.00,2.25
2012.06.18 03:46:26.214,0.74885,0.74915,3.00,2.25
2012.06.18 03:46:26.364,0.74885,0.74915,3.00,2.25
2012.06.18 03:46:26.806,0.74885,0.74913,3.00,2.25
2012.06.18 03:46:27.179,0.74885,0.74913,3.00,2.25
2012.06.18 03:46:27.771,0.74886,0.74914,3.00,2.25
2012.06.18 03:46:27.834,0.74886,0.74914,3.00,2.25
2012.06.18 03:46:28.054,0.74888,0.74918,3.00,2.25
2012.06.18 03:46:28.406,0.7489,0.74918,2.25,2.25
2012.06.18 03:46:28.727,0.7489,0.74918,3.00,2.25
2012.06.18 03:46:29.535,0.74884,0.74914,3.00,2.25
2012.06.18 03:46:29.798,0.7489,0.74918,3.00,2.25
2012.06.18 03:46:30.294,0.74887,0.74915,3.00,2.25
2012.06.18 03:46:30.535,0.74887,0.74915,3.00,2.25
2012.06.18 03:46:31.240,0.74889,0.74919,2.25,2.25
2012.06.18 03:46:32.145,0.74888,0.74916,2.25,2.25
2012.06.18 03:46:32.908,0.74888,0.74916,3.00,2.25
2012.06.18 03:46:33.083,0.74888,0.74916,2.25,2.25
2012.06.18 03:46:33.544,0.74883,0.74911,3.00,2.25
2012.06.18 03:46:35.393,0.74883,0.74911,3.00,2.25
2012.06.18 03:46:35.944,0.74881,0.74911,3.00,2.25
2012.06.18 03:46:40.698,0.74879,0.74909,3.00,2.25
2012.06.18 03:46:40.755,0.74883,0.74913,3.00,2.25
2012.06.18 03:46:41.417,0.74882,0.74912,3.00,2.25
2012.06.18 03:46:41.475,0.74879,0.74909,3.00,2.25
2012.06.18 03:46:42.287,0.74881,0.74911,3.00,2.25
2012.06.18 03:46:42.828,0.74882,0.74912,3.00,2.25
2012.06.18 03:46:43.088,0.74883,0.74913,3.00,2.25
2012.06.18 03:46:43.276,0.74888,0.74918,3.00,2.25
2012.06.18 03:46:43.487,0.74891,0.74925,3.00,2.25
2012.06.18 03:46:44.266,0.74891,0.74923,3.00,2.25
2012.06.18 03:46:44.593,0.74887,0.74919,2.25,2.25
2012.06.18 03:46:45.051,0.74892,0.74926,2.25,2.25
2012.06.18 03:46:45.158,0.74894,0.74925,2.25,2.25
2012.06.18 03:46:46.457,0.74893,0.74925,2.25,2.25
2012.06.18 03:46:47.485,0.74889,0.74923,3.00,2.25
2012.06.18 03:46:47.725,0.74893,0.74926,2.25,2.25
2012.06.18 03:46:47.888,0.7489,0.74922,3.00,2.25
2012.06.18 03:46:49.215,0.74896,0.74926,2.25,2.25
2012.06.18 03:46:50.974,0.749,0.7493,2.25,3.00
2012.06.18 03:46:54.655,0.749,0.7493,2.25,2.25
2012.06.18 03:46:55.466,0.749,0.7493,2.25,3.00
2012.06.18 03:46:57.670,0.749,0.7493,2.25,2.25
2012.06.18 03:46:58.285,0.74893,0.74927,3.00,2.25
2012.06.18 03:46:58.464,0.74893,0.74927,2.25,2.25
2012.06.18 03:46:58.877,0.74893,0.74927,3.00,2.25
2012.06.18 03:47:00.035,0.74893,0.74927,2.25,3.00
2012.06.18 03:47:00.155,0.74885,0.74915,2.25,2.25
2012.06.18 03:47:00.215,0.74885,0.74915,3.00,2.25
2012.06.18 03:47:00.274,0.74893,0.74927,2.25,2.25
2012.06.18 03:47:01.049,0.74894,0.74928,2.25,3.00
2012.06.18 03:47:01.581,0.74895,0.74927,2.25,2.25
2012.06.18 03:47:02.457,0.74893,0.74925,2.25,2.25
2012.06.18 03:47:02.842,0.74891,0.74923,3.00,2.25
2012.06.18 03:47:02.904,0.74891,0.74925,3.00,2.25
2012.06.18 03:47:03.448,0.74892,0.74924,3.00,2.25
2012.06.18 03:47:05.445,0.7489,0.74922,3.00,2.25
2012.06.18 03:47:05.756,0.74892,0.74924,3.00,2.25
2012.06.18 03:47:06.527,0.74893,0.74925,2.25,2.25
2012.06.18 03:47:07.626,0.74894,0.74925,2.25,2.25
2012.06.18 03:47:09.292,0.74893,0.74926,2.25,2.25
2012.06.18 03:47:17.704,0.74893,0.74926,2.25,3.00
2012.06.18 03:47:20.876,0.74893,0.74926,2.25,2.25
2012.06.18 03:47:21.049,0.74884,0.74925,3.00,2.25
2012.06.18 03:47:21.245,0.74884,0.74925,2.25,3.00
2012.06.18 03:47:21.618,0.74875,0.74905,3.00,2.25
2012.06.18 03:47:21.675,0.74885,0.74919,2.25,3.00
2012.06.18 03:47:21.827,0.74877,0.74907,3.00,2.25
2012.06.18 03:47:21.945,0.74886,0.74918,2.25,3.00
2012.06.18 03:47:22.005,0.74886,0.74918,2.25,3.00
2012.06.18 03:47:22.195,0.74882,0.74912,2.25,2.25
2012.06.18 03:47:22.595,0.74885,0.74919,2.25,3.00
2012.06.18 03:47:25.719,0.74885,0.74919,2.25,3.00
2012.06.18 03:47:26.147,0.74883,0.74911,2.25,2.25
2012.06.18 03:47:27.708,0.74883,0.74911,3.00,2.25
2012.06.18 03:47:28.065,0.74891,0.74919,3.00,2.25
2012.06.18 03:47:28.289,0.74895,0.74927,2.25,2.25
2012.06.18 03:47:28.916,0.74895,0.74927,2.25,3.00
2012.06.18 03:47:29.778,0.74894,0.74926,2.25,3.00
2012.06.18 03:47:29.903,0.74891,0.74924,2.25,3.00
2012.06.18 03:47:30.156,0.7489,0.74922,2.25,2.25
2012.06.18 03:47:32.763,0.74889,0.74921,2.25,2.25
2012.06.18 03:47:34.071,0.7489,0.74922,2.25,2.25
2012.06.18 03:47:34.197,0.74888,0.74922,2.25,2.25
2012.06.18 03:47:34.629,0.74888,0.74922,2.25,3.00
2012.06.18 03:47:34.913,0.74888,0.74922,2.25,2.25
2012.06.18 03:47:36.893,0.74888,0.74922,3.00,2.25
2012.06.18 03:47:37.004,0.74888,0.74922,2.25,2.25
2012.06.18 03:47:47.734,0.74888,0.74922,3.00,2.25
2012.06.18 03:47:48.089,0.74895,0.74923,2.25,2.25
2012.06.18 03:47:51.595,0.74889,0.74921,2.25,2.25
2012.06.18 03:47:52.463,0.74887,0.74921,2.25,2.25
2012.06.18 03:47:59.277,0.74889,0.74921,2.25,2.25
2012.06.18 03:48:02.240,0.74889,0.74923,2.25,2.25
2012.06.18 03:48:02.585,0.74889,0.74921,2.25,2.25
2012.06.18 03:48:09.644,0.74885,0.74915,3.00,2.25
2012.06.18 03:48:12.186,0.74889,0.74921,2.25,2.25
2012.06.18 03:48:18.765,0.74887,0.74921,2.25,2.25
2012.06.18 03:48:23.765,0.74889,0.74921,2.25,2.25
2012.06.18 03:48:48.635,0.74889,0.74921,2.25,3.00
2012.06.18 03:48:55.619,0.74889,0.74921,2.25,2.25
2012.06.18 03:48:55.858,0.74894,0.74924,2.25,3.00
2012.06.18 03:49:05.365,0.74888,0.74922,2.25,2.25
2012.06.18 03:49:13.286,0.74888,0.7492,2.25,2.25
2012.06.18 03:49:18.168,0.74888,0.74919,2.25,2.25
2012.06.18 03:49:23.355,0.74879,0.74909,3.00,2.25
2012.06.18 03:49:24.786,0.74883,0.74913,2.25,2.25
2012.06.18 03:49:25.429,0.74884,0.74914,2.25,2.25
2012.06.18 03:49:25.774,0.7488,0.7491,3.00,2.25
2012.06.18 03:49:26.364,0.74881,0.74909,3.00,2.25
2012.06.18 03:49:29.826,0.74876,0.74904,3.00,2.25
2012.06.18 03:49:51.889,0.74875,0.74903,3.00,2.25
2012.06.18 03:50:08.668,0.74875,0.74903,3.00,2.25
2012.06.18 03:50:10.251,0.74873,0.74901,3.00,2.25
2012.06.18 03:50:10.701,0.7487,0.74898,3.00,2.25
2012.06.18 03:50:15.749,0.74871,0.74899,3.00,2.25
2012.06.18 03:50:16.080,0.74871,0.74901,3.00,2.25
2012.06.18 03:50:16.308,0.74875,0.74903,3.00,2.25
2012.06.18 03:50:16.737,0.74874,0.74902,3.00,2.25
2012.06.18 03:50:17.473,0.74874,0.74902,3.00,2.25
2012.06.18 03:50:18.348,0.74871,0.74901,3.00,2.25
2012.06.18 03:50:32.886,0.74876,0.74904,3.00,2.25
2012.06.18 03:50:34.158,0.74875,0.74903,3.00,2.25
2012.06.18 03:50:36.056,0.7488,0.74908,2.25,2.25
2012.06.18 03:50:36.258,0.74884,0.74912,2.25,2.25
2012.06.18 03:50:38.615,0.74877,0.74909,3.00,2.25
2012.06.18 03:51:00.678,0.74877,0.74909,2.25,3.00
2012.06.18 03:51:00.815,0.74875,0.74903,2.25,2.25
2012.06.18 03:51:01.383,0.74875,0.74903,3.00,2.25
2012.06.18 03:51:02.427,0.74875,0.74903,2.25,2.25
2012.06.18 03:51:03.426,0.74875,0.74903,3.00,2.25
2012.06.18 03:51:06.280,0.74875,0.74903,2.25,2.25
2012.06.18 03:51:19.089,0.74876,0.74904,2.25,2.25
2012.06.18 03:51:20.157,0.74876,0.74904,2.25,3.00
2012.06.18 03:51:20.879,0.74876,0.74904,3.00,2.25
2012.06.18 03:51:28.045,0.74871,0.74899,3.00,2.25
2012.06.18 03:51:28.995,0.74876,0.74904,2.25,2.25
2012.06.18 03:51:29.366,0.74868,0.74901,3.00,2.25
2012.06.18 03:51:29.425,0.74868,0.74901,2.25,2.25
2012.06.18 03:51:29.615,0.74868,0.74901,3.00,2.25
2012.06.18 03:51:43.146,0.74868,0.74901,3.00,2.25
2012.06.18 03:51:44.625,0.74876,0.74904,2.25,2.25
2012.06.18 03:51:46.400,0.74881,0.74909,2.25,3.00
2012.06.18 03:51:46.999,0.74881,0.74909,2.25,3.00
2012.06.18 03:51:47.057,0.74874,0.74904,2.25,3.00
2012.06.18 03:51:47.977,0.74874,0.74904,2.25,2.25
2012.06.18 03:51:54.439,0.74874,0.74904,2.25,3.00
2012.06.18 03:51:54.795,0.74869,0.749,2.25,2.25
2012.06.18 03:51:55.909,0.74869,0.749,3.00,2.25
2012.06.18 03:51:55.968,0.74869,0.749,2.25,2.25
2012.06.18 03:52:00.215,0.74869,0.749,3.00,2.25
2012.06.18 03:52:00.547,0.74875,0.74903,2.25,2.25
2012.06.18 03:52:35.489,0.74873,0.74901,2.25,2.25
2012.06.18 03:52:36.050,0.74872,0.749,2.25,2.25
2012.06.18 03:52:36.616,0.7487,0.749,3.00,2.25
2012.06.18 03:52:37.956,0.74871,0.74901,3.00,2.25
2012.06.18 03:52:40.079,0.74871,0.74901,3.00,2.25
2012.06.18 03:52:40.258,0.74874,0.74904,3.00,2.25
2012.06.18 03:52:40.728,0.74875,0.74905,2.25,2.25
2012.06.18 03:53:19.893,0.74877,0.74907,2.25,2.25
2012.06.18 03:53:25.855,0.74881,0.74909,2.25,3.00
2012.06.18 03:53:26.270,0.74874,0.74908,2.25,3.00
2012.06.18 03:53:27.195,0.74873,0.74905,2.25,2.25
2012.06.18 03:53:28.727,0.74873,0.74905,3.00,2.25
2012.06.18 03:53:28.787,0.74873,0.74905,2.25,2.25
2012.06.18 03:53:29.659,0.74873,0.74905,3.00,2.25
2012.06.18 03:53:31.198,0.74873,0.74905,2.25,2.25
2012.06.18 03:53:31.858,0.74873,0.74905,3.00,2.25
2012.06.18 03:53:33.407,0.74874,0.74906,3.00,2.25
2012.06.18 03:53:35.391,0.74873,0.74905,3.00,2.25
2012.06.18 03:53:41.378,0.74873,0.74905,2.25,2.25
2012.06.18 03:53:48.700,0.74873,0.74904,2.25,2.25
2012.06.18 03:53:50.398,0.74873,0.74904,2.25,3.00
2012.06.18 03:53:52.221,0.74874,0.74906,2.25,3.00
2012.06.18 03:53:52.447,0.74874,0.74906,2.25,2.25
2012.06.18 03:53:52.928,0.74874,0.74906,2.25,3.00
2012.06.18 03:53:52.989,0.74874,0.74906,2.25,2.25
2012.06.18 03:53:53.722,0.74873,0.74905,2.25,2.25
2012.06.18 03:53:54.296,0.74873,0.74905,2.25,3.00
2012.06.18 03:53:54.847,0.74873,0.74905,2.25,2.25
2012.06.18 03:53:56.238,0.74873,0.74905,2.25,3.00
2012.06.18 03:53:56.685,0.74873,0.74905,2.25,2.25
2012.06.18 03:53:57.688,0.74874,0.74906,2.25,2.25
2012.06.18 03:53:58.349,0.74873,0.74904,2.25,2.25
2012.06.18 03:53:58.460,0.74872,0.74906,2.25,2.25
2012.06.18 03:53:59.548,0.74873,0.74907,2.25,2.25
2012.06.18 03:54:00.102,0.74872,0.74906,2.25,2.25
2012.06.18 03:54:00.978,0.74872,0.74905,2.25,2.25
2012.06.18 03:54:07.680,0.74872,0.74905,2.25,3.00
2012.06.18 03:54:07.746,0.74872,0.74905,2.25,2.25
2012.06.18 03:54:07.919,0.74873,0.74907,2.25,2.25
2012.06.18 03:54:08.351,0.74873,0.74905,2.25,2.25
2012.06.18 03:54:08.728,0.74873,0.74905,2.25,3.00
2012.06.18 03:54:13.189,0.74873,0.74905,2.25,2.25
2012.06.18 03:54:13.975,0.74879,0.74909,2.25,3.00
2012.06.18 03:54:14.288,0.74872,0.74906,2.25,2.25
2012.06.18 03:54:19.406,0.74876,0.74908,2.25,2.25
2012.06.18 03:54:19.894,0.74872,0.74906,3.00,2.25
2012.06.18 03:54:20.108,0.74872,0.74906,2.25,2.25
2012.06.18 03:54:24.256,0.74876,0.74908,2.25,2.25
2012.06.18 03:54:25.745,0.74876,0.74908,3.00,2.25
2012.06.18 03:54:26.660,0.74882,0.7491,2.25,3.00
2012.06.18 03:54:27.376,0.74876,0.74908,2.25,2.25
2012.06.18 03:54:29.859,0.74873,0.74905,2.25,2.25
2012.06.18 03:54:31.105,0.7488,0.74908,2.25,2.25
2012.06.18 03:54:32.977,0.7488,0.74908,2.25,3.00
2012.06.18 03:54:33.258,0.7488,0.74908,2.25,3.00
2012.06.18 03:54:34.190,0.7488,0.74908,2.25,3.00
2012.06.18 03:54:38.145,0.74878,0.74908,2.25,3.00
2012.06.18 03:54:40.191,0.74877,0.74907,2.25,3.00
2012.06.18 03:54:47.350,0.74877,0.74905,2.25,2.25
2012.06.18 03:54:47.476,0.74878,0.74906,2.25,3.00
2012.06.18 03:54:48.333,0.74877,0.74905,2.25,3.00
2012.06.18 03:54:48.397,0.74875,0.74905,2.25,3.00
2012.06.18 03:54:50.698,0.74875,0.74905,2.25,2.25
2012.06.18 03:54:51.727,0.74875,0.74905,2.25,3.00
2012.06.18 03:55:01.358,0.74875,0.74905,2.25,2.25
2012.06.18 03:55:01.418,0.74875,0.74905,2.25,3.00
2012.06.18 03:55:03.447,0.74877,0.74905,2.25,3.00
2012.06.18 03:55:03.505,0.74877,0.74905,2.25,2.25
2012.06.18 03:55:08.085,0.74871,0.74903,3.00,2.25
2012.06.18 03:55:12.754,0.74871,0.74905,2.25,2.25
2012.06.18 03:55:12.816,0.74874,0.74906,2.25,2.25
2012.06.18 03:55:13.149,0.74874,0.74906,2.25,3.00
2012.06.18 03:55:13.205,0.74874,0.74906,2.25,2.25
2012.06.18 03:55:13.385,0.74873,0.74905,2.25,3.00
2012.06.18 03:55:13.696,0.74871,0.74905,2.25,2.25
2012.06.18 03:55:14.115,0.74881,0.74911,2.25,3.00
2012.06.18 03:55:14.528,0.7487,0.74904,2.25,2.25
2012.06.18 03:55:14.659,0.7487,0.74904,3.00,2.25
2012.06.18 03:55:14.985,0.74868,0.74896,2.25,2.25
2012.06.18 03:55:15.298,0.74871,0.74901,2.25,2.25
2012.06.18 03:55:15.428,0.74871,0.74901,3.00,2.25
2012.06.18 03:55:15.546,0.74877,0.74905,2.25,2.25
2012.06.18 03:55:16.556,0.74882,0.7491,2.25,2.25
2012.06.18 03:55:20.155,0.74882,0.74912,2.25,2.25
2012.06.18 03:55:20.358,0.74878,0.74906,2.25,2.25
2012.06.18 03:55:34.128,0.74878,0.74906,3.00,2.25
2012.06.18 03:55:41.356,0.74877,0.74905,3.00,2.25
2012.06.18 03:55:41.479,0.74877,0.74905,2.25,2.25
2012.06.18 03:55:41.786,0.74875,0.74905,2.25,2.25
2012.06.18 03:55:42.675,0.74875,0.74905,3.00,2.25
2012.06.18 03:55:43.179,0.74878,0.74906,2.25,2.25
2012.06.18 03:55:52.098,0.74876,0.74906,3.00,2.25
2012.06.18 03:55:53.177,0.74878,0.74906,2.25,2.25
2012.06.18 03:55:53.679,0.74876,0.74906,2.25,2.25
2012.06.18 03:55:54.235,0.74876,0.74904,3.00,2.25
2012.06.18 03:55:54.806,0.74876,0.74904,3.00,2.25
2012.06.18 03:55:56.396,0.74876,0.74904,2.25,2.25
2012.06.18 03:55:57.250,0.74876,0.74904,3.00,2.25
2012.06.18 03:56:00.551,0.74876,0.74904,3.00,2.25
2012.06.18 03:56:01.170,0.74876,0.74906,3.00,2.25
2012.06.18 03:56:01.226,0.74877,0.74907,3.00,2.25
2012.06.18 03:56:01.719,0.74879,0.74907,2.25,2.25
2012.06.18 03:56:05.330,0.74879,0.74907,3.00,2.25
2012.06.18 03:56:05.397,0.74879,0.74907,2.25,2.25
2012.06.18 03:56:05.516,0.74877,0.74905,2.25,2.25
2012.06.18 03:56:15.031,0.74877,0.74907,2.25,2.25
2012.06.18 03:56:20.034,0.74876,0.74906,2.25,2.25
2012.06.18 03:56:21.252,0.74877,0.74907,2.25,2.25
2012.06.18 03:56:21.908,0.74875,0.74905,3.00,2.25
2012.06.18 03:56:24.496,0.74889,0.74919,2.25,3.00
2012.06.18 03:56:24.758,0.74891,0.74919,2.25,3.00
2012.06.18 03:56:26.218,0.74891,0.74919,2.25,3.00
2012.06.18 03:56:26.299,0.74879,0.74913,2.25,3.00
2012.06.18 03:56:45.337,0.7488,0.74913,2.25,3.00
2012.06.18 03:56:46.868,0.7488,0.74912,2.25,2.25
2012.06.18 03:56:52.477,0.74877,0.74905,3.00,2.25
2012.06.18 03:56:54.572,0.74878,0.74906,2.25,2.25
2012.06.18 03:57:12.075,0.74873,0.74901,2.25,2.25
2012.06.18 03:57:12.727,0.74879,0.74907,2.25,2.25
2012.06.18 03:57:18.997,0.74879,0.74909,2.25,3.00
2012.06.18 03:57:20.648,0.74878,0.74908,2.25,2.25
2012.06.18 03:57:22.960,0.74876,0.74904,2.25,2.25
2012.06.18 03:57:24.417,0.74879,0.74907,2.25,2.25
2012.06.18 03:57:24.601,0.74879,0.74909,2.25,3.00
2012.06.18 03:57:25.813,0.74881,0.74909,2.25,2.25
2012.06.18 03:57:26.390,0.74881,0.74909,2.25,3.00
2012.06.18 03:57:26.825,0.74876,0.74906,2.25,3.00
2012.06.18 03:57:26.886,0.74876,0.74906,2.25,2.25
2012.06.18 03:57:28.237,0.74874,0.74902,2.25,2.25
2012.06.18 03:57:30.767,0.74883,0.74913,2.25,3.00
2012.06.18 03:57:31.546,0.74885,0.74915,2.25,3.00
2012.06.18 03:57:33.467,0.74886,0.74914,2.25,3.00
2012.06.18 03:57:34.287,0.7488,0.7491,2.25,3.00
2012.06.18 03:58:39.126,0.74879,0.74907,2.25,2.25
2012.06.18 03:58:39.566,0.74877,0.74907,2.25,2.25
2012.06.18 03:58:44.283,0.74881,0.74912,2.25,3.00
2012.06.18 03:58:48.018,0.74881,0.74913,2.25,3.00
2012.06.18 03:58:48.360,0.74881,0.74913,2.25,3.00
2012.06.18 03:58:49.558,0.74878,0.74908,2.25,3.00
2012.06.18 03:58:49.835,0.74881,0.74913,2.25,2.25
2012.06.18 03:58:49.999,0.74879,0.74907,2.25,2.25
2012.06.18 03:58:50.219,0.74881,0.74913,2.25,2.25
2012.06.18 03:58:50.486,0.74881,0.74913,2.25,3.00
2012.06.18 03:58:50.545,0.74881,0.74913,2.25,3.00
2012.06.18 03:58:50.606,0.74879,0.74907,2.25,2.25
2012.06.18 03:58:59.465,0.7488,0.74908,2.25,2.25
2012.06.18 03:59:04.047,0.7488,0.74908,3.00,2.25
2012.06.18 03:59:05.259,0.7488,0.74908,2.25,2.25
2012.06.18 03:59:05.515,0.7488,0.74908,3.00,2.25
2012.06.18 03:59:05.807,0.7488,0.74908,2.25,2.25
2012.06.18 03:59:06.687,0.7488,0.74908,3.00,2.25
2012.06.18 03:59:07.080,0.7488,0.74908,2.25,2.25
2012.06.18 03:59:07.536,0.74878,0.74908,2.25,2.25
2012.06.18 03:59:10.526,0.74881,0.74909,2.25,2.25
2012.06.18 03:59:11.133,0.74879,0.74907,3.00,2.25
2012.06.18 03:59:11.195,0.74879,0.74907,2.25,2.25
2012.06.18 03:59:16.415,0.74879,0.74907,3.00,2.25
2012.06.18 03:59:16.535,0.7488,0.7491,3.00,2.25
2012.06.18 03:59:17.498,0.7488,0.74908,3.00,2.25
2012.06.18 03:59:24.412,0.74878,0.74908,3.00,2.25
2012.06.18 03:59:24.535,0.74878,0.74908,3.00,2.25
2012.06.18 03:59:24.596,0.74884,0.74912,2.25,2.25
2012.06.18 03:59:24.795,0.74879,0.74907,3.00,2.25
2012.06.18 03:59:25.046,0.74884,0.74912,2.25,2.25
2012.06.18 03:59:25.265,0.74879,0.74907,3.00,2.25
2012.06.18 03:59:25.475,0.74888,0.74916,2.25,2.25
2012.06.18 03:59:30.216,0.74888,0.74916,3.00,2.25
2012.06.18 03:59:30.388,0.74897,0.74927,2.25,2.25
2012.06.18 03:59:36.795,0.74899,0.74927,2.25,2.25
2012.06.18 03:59:39.508,0.74899,0.74929,2.25,3.00
2012.06.18 03:59:40.146,0.74899,0.74929,2.25,2.25
2012.06.18 03:59:41.057,0.74905,0.74933,2.25,3.00
2012.06.18 03:59:41.307,0.749,0.74928,2.25,2.25
2012.06.18 03:59:51.927,0.74904,0.74934,2.25,3.00
2012.06.18 03:59:52.607,0.74904,0.74934,2.25,3.00
2012.06.18 03:59:55.092,0.74904,0.74932,2.25,2.25
2012.06.18 03:59:55.336,0.74902,0.74932,2.25,2.25
2012.06.18 03:59:56.866,0.74907,0.74935,2.25,3.00
2012.06.18 03:59:57.118,0.74907,0.74935,2.25,2.25
2012.06.18 03:59:59.172,0.74907,0.74935,2.25,3.00
2012.06.18 03:59:59.865,0.74908,0.74936,2.25,3.00
