2014.11.11 10:00:00.051,0.74942,0.74964,1.37,1.00
2014.11.11 10:00:01.163,0.74942,0.74964,1.12,1.00
2014.11.11 10:00:02.366,0.74944,0.74964,1.00,1.00
2014.11.11 10:00:03.479,0.74944,0.74964,1.50,1.00
2014.11.11 10:00:03.529,0.74945,0.74967,1.37,1.00
2014.11.11 10:00:03.580,0.74949,0.74967,1.37,1.00
2014.11.11 10:00:03.731,0.74952,0.74974,1.00,1.00
2014.11.11 10:00:03.882,0.7495,0.74972,1.37,1.00
2014.11.11 10:00:04.185,0.74953,0.74975,1.37,1.00
2014.11.11 10:00:04.537,0.74951,0.74973,1.12,1.00
2014.11.11 10:00:05.123,0.74952,0.74974,1.12,1.00
2014.11.11 10:00:06.407,0.7495,0.74971,1.37,1.00
2014.11.11 10:00:07.553,0.7495,0.74971,1.37,1.00
2014.11.11 10:00:08.560,0.74949,0.74971,2.62,1.00
2014.11.11 10:00:09.321,0.74949,0.74971,1.87,1.00
2014.11.11 10:00:12.540,0.74949,0.74971,1.87,1.00
2014.11.11 10:00:13.331,0.7495,0.7497,1.37,1.00
2014.11.11 10:00:13.431,0.74952,0.74972,1.00,1.00
2014.11.11 10:00:13.815,0.74954,0.74973,1.00,1.00
2014.11.11 10:00:14.372,0.74953,0.74973,1.12,1.00
2014.11.11 10:00:15.396,0.74951,0.74971,1.37,1.00
2014.11.11 10:00:15.604,0.74951,0.74973,1.37,1.00
2014.11.11 10:00:16.220,0.74953,0.74973,1.00,1.00
2014.11.11 10:00:17.913,0.74953,0.74975,1.00,1.00
2014.11.11 10:00:21.906,0.74951,0.74973,1.00,1.00
2014.11.11 10:00:22.783,0.74952,0.74974,1.00,1.00
2014.11.11 10:00:23.666,0.74951,0.74973,1.12,1.00
2014.11.11 10:00:24.074,0.74953,0.74973,1.00,1.00
2014.11.11 10:00:26.097,0.74953,0.74973,1.37,1.00
2014.11.11 10:00:26.198,0.74954,0.74974,1.12,1.00
2014.11.11 10:00:26.886,0.74955,0.74975,1.00,1.00
2014.11.11 10:00:27.405,0.74956,0.74976,1.00,1.00
2014.11.11 10:00:27.624,0.74951,0.74973,1.00,1.00
2014.11.11 10:00:28.255,0.7495,0.74972,1.12,1.00
2014.11.11 10:00:32.356,0.74951,0.74973,1.00,1.00
2014.11.11 10:00:32.914,0.7495,0.74972,1.37,1.00
2014.11.11 10:00:33.123,0.74952,0.74974,1.00,1.00
2014.11.11 10:00:33.780,0.7495,0.74972,1.12,1.00
2014.11.11 10:00:34.665,0.74951,0.74971,1.00,1.00
2014.11.11 10:00:35.246,0.7495,0.74972,1.00,1.00
2014.11.11 10:00:35.663,0.74948,0.7497,1.50,1.00
2014.11.11 10:00:36.180,0.74949,0.74971,1.00,1.00
2014.11.11 10:00:43.909,0.74951,0.74971,1.00,1.00
2014.11.11 10:00:44.522,0.7495,0.74972,1.00,1.00
2014.11.11 10:00:45.459,0.74951,0.74973,1.00,1.00
2014.11.11 10:00:45.787,0.74951,0.74971,1.00,1.00
2014.11.11 10:00:48.933,0.74949,0.74971,1.00,1.00
2014.11.11 10:00:52.055,0.74949,0.74971,1.37,1.00
2014.11.11 10:00:52.156,0.74947,0.74969,1.00,1.00
2014.11.11 10:00:52.428,0.74945,0.74967,1.12,1.00
2014.11.11 10:00:52.736,0.74942,0.74961,1.00,1.00
2014.11.11 10:00:52.786,0.74944,0.74965,1.00,1.00
2014.11.11 10:00:52.974,0.74945,0.74967,1.00,1.00
2014.11.11 10:00:53.864,0.74946,0.74968,1.50,1.00
2014.11.11 10:00:54.186,0.74949,0.74969,1.00,1.00
2014.11.11 10:00:54.337,0.74947,0.7497,1.00,1.00
2014.11.11 10:00:54.488,0.74947,0.7497,1.37,1.00
2014.11.11 10:00:54.890,0.74945,0.74968,1.12,1.00
2014.11.11 10:00:55.098,0.74947,0.7497,1.00,1.00
2014.11.11 10:00:55.714,0.74946,0.74969,1.00,1.00
2014.11.11 10:00:56.264,0.74946,0.74969,1.37,1.00
2014.11.11 10:00:56.747,0.74948,0.74971,1.00,1.00
2014.11.11 10:00:56.850,0.74946,0.74968,1.12,1.00
2014.11.11 10:00:57.357,0.74945,0.74967,1.00,1.00
2014.11.11 10:00:57.705,0.74943,0.74963,1.12,1.00
2014.11.11 10:00:58.506,0.74944,0.74966,1.00,1.00
2014.11.11 10:00:58.676,0.74945,0.74966,1.37,1.00
2014.11.11 10:00:58.803,0.74947,0.74969,1.00,1.00
2014.11.11 10:00:59.287,0.74949,0.7497,1.00,1.00
2014.11.11 10:00:59.895,0.74948,0.74971,1.87,1.00
2014.11.11 10:01:00.442,0.74947,0.7497,1.12,1.00
2014.11.11 10:01:00.765,0.74948,0.74971,1.37,1.00
2014.11.11 10:01:01.367,0.74948,0.74971,1.00,1.00
2014.11.11 10:01:01.698,0.74945,0.74968,1.37,1.00
2014.11.11 10:01:02.229,0.74944,0.74967,1.37,1.00
2014.11.11 10:01:03.642,0.74943,0.74966,1.87,1.00
2014.11.11 10:01:04.796,0.74943,0.74966,1.87,1.00
2014.11.11 10:01:09.076,0.74944,0.74966,1.37,1.00
2014.11.11 10:01:09.285,0.74946,0.74969,1.50,1.00
2014.11.11 10:01:09.520,0.74944,0.74965,1.00,1.00
2014.11.11 10:01:10.029,0.74945,0.74966,1.00,1.00
2014.11.11 10:01:10.884,0.74945,0.74966,1.37,1.00
2014.11.11 10:01:11.462,0.74945,0.74967,2.62,1.00
2014.11.11 10:01:16.124,0.74946,0.74966,1.12,1.00
2014.11.11 10:01:16.225,0.74946,0.74968,1.12,1.00
2014.11.11 10:01:16.810,0.74945,0.74967,2.62,1.00
2014.11.11 10:01:17.352,0.74946,0.74968,1.37,1.00
2014.11.11 10:01:17.453,0.74945,0.74968,1.87,1.00
2014.11.11 10:01:19.932,0.74945,0.74968,1.87,1.00
2014.11.11 10:01:20.272,0.7495,0.74971,1.00,1.00
2014.11.11 10:01:20.520,0.74951,0.74974,1.00,1.00
2014.11.11 10:01:21.472,0.7495,0.74972,1.00,1.00
2014.11.11 10:01:21.792,0.74949,0.7497,1.00,1.00
2014.11.11 10:01:22.575,0.74949,0.74971,1.12,1.00
2014.11.11 10:01:23.102,0.74948,0.7497,1.37,1.00
2014.11.11 10:01:23.640,0.74948,0.7497,1.12,1.00
2014.11.11 10:01:24.642,0.74946,0.74969,1.87,1.00
2014.11.11 10:01:25.095,0.74946,0.74967,1.37,1.00
2014.11.11 10:01:27.024,0.74946,0.74967,1.37,1.00
2014.11.11 10:01:27.181,0.74947,0.7497,1.12,1.00
2014.11.11 10:01:27.232,0.74947,0.7497,1.37,1.00
2014.11.11 10:01:27.652,0.74946,0.74967,1.37,1.00
2014.11.11 10:01:29.543,0.74946,0.74967,1.37,1.00
2014.11.11 10:01:30.262,0.74948,0.74968,1.12,1.00
2014.11.11 10:01:30.962,0.74946,0.74967,1.37,1.00
2014.11.11 10:01:31.913,0.74947,0.74969,1.37,1.00
2014.11.11 10:01:32.173,0.74948,0.7497,1.37,1.00
2014.11.11 10:01:33.062,0.74948,0.7497,1.37,1.00
2014.11.11 10:01:33.706,0.74949,0.74969,1.12,1.00
2014.11.11 10:01:34.041,0.74952,0.74972,1.00,1.00
2014.11.11 10:01:34.392,0.7495,0.7497,1.37,1.00
2014.11.11 10:01:34.563,0.74952,0.74974,1.12,1.00
2014.11.11 10:01:34.613,0.74952,0.74974,1.37,1.00
2014.11.11 10:01:35.180,0.74951,0.74971,1.37,1.00
2014.11.11 10:01:35.686,0.74951,0.74973,1.37,1.00
2014.11.11 10:01:35.761,0.74952,0.74971,1.37,1.00
2014.11.11 10:01:42.141,0.74952,0.74973,1.37,1.00
2014.11.11 10:01:45.923,0.74952,0.74973,1.37,1.00
2014.11.11 10:01:46.651,0.74952,0.74972,1.37,1.00
2014.11.11 10:01:47.319,0.74951,0.74971,1.37,1.00
2014.11.11 10:01:48.217,0.74951,0.74971,1.37,1.00
2014.11.11 10:01:48.318,0.74953,0.74973,1.87,1.00
2014.11.11 10:01:48.419,0.74955,0.74977,1.37,1.00
2014.11.11 10:01:48.941,0.74956,0.74978,1.12,1.00
2014.11.11 10:01:52.921,0.74957,0.74979,1.00,1.00
2014.11.11 10:02:02.842,0.74956,0.74978,1.00,1.00
2014.11.11 10:02:03.043,0.74959,0.74978,1.00,1.00
2014.11.11 10:02:03.345,0.7496,0.7498,1.37,1.00
2014.11.11 10:02:03.395,0.74964,0.74986,1.00,1.00
2014.11.11 10:02:03.496,0.74963,0.74983,1.00,1.00
2014.11.11 10:02:03.747,0.74964,0.74986,1.00,1.00
2014.11.11 10:02:06.356,0.74963,0.74985,1.00,1.00
2014.11.11 10:02:06.831,0.7496,0.7498,1.00,1.00
2014.11.11 10:02:07.133,0.74962,0.74983,1.00,1.00
2014.11.11 10:02:07.335,0.74962,0.74985,1.00,1.00
2014.11.11 10:02:07.486,0.7496,0.74983,1.50,1.00
2014.11.11 10:02:08.691,0.74959,0.74982,1.50,1.00
2014.11.11 10:02:09.359,0.74959,0.74982,1.87,1.00
2014.11.11 10:02:11.299,0.7496,0.74983,1.12,1.00
2014.11.11 10:02:11.603,0.74963,0.74986,1.00,1.00
2014.11.11 10:02:11.916,0.74967,0.74988,1.00,1.00
2014.11.11 10:02:12.482,0.74968,0.74989,1.00,1.00
2014.11.11 10:02:12.532,0.74966,0.74989,1.00,1.12
2014.11.11 10:02:12.726,0.74964,0.74985,1.00,1.00
2014.11.11 10:02:14.064,0.74964,0.74987,1.37,1.00
2014.11.11 10:02:14.164,0.74966,0.74989,1.12,1.00
2014.11.11 10:02:14.289,0.74964,0.74987,1.37,1.00
2014.11.11 10:02:15.493,0.74966,0.74989,1.12,1.00
2014.11.11 10:02:16.150,0.74966,0.74989,1.37,1.00
2014.11.11 10:02:18.351,0.74967,0.7499,1.12,1.00
2014.11.11 10:02:22.118,0.74966,0.74989,1.00,1.00
2014.11.11 10:02:22.219,0.74963,0.74986,1.00,1.00
2014.11.11 10:02:22.762,0.74964,0.74987,1.00,1.00
2014.11.11 10:02:23.310,0.74963,0.74986,1.00,1.00
2014.11.11 10:02:26.470,0.74964,0.74987,1.00,1.00
2014.11.11 10:02:28.149,0.74965,0.74988,1.00,1.00
2014.11.11 10:02:28.451,0.74967,0.7499,1.00,1.00
2014.11.11 10:02:28.753,0.74969,0.74992,1.00,1.00
2014.11.11 10:02:29.143,0.74971,0.74992,1.00,1.00
2014.11.11 10:02:30.352,0.7497,0.74991,1.00,1.00
2014.11.11 10:02:32.631,0.74968,0.74991,1.00,1.00
2014.11.11 10:02:33.510,0.7497,0.74992,1.00,1.00
2014.11.11 10:02:33.840,0.74966,0.74989,1.37,1.00
2014.11.11 10:02:35.759,0.74969,0.7499,1.12,1.00
2014.11.11 10:02:36.372,0.74968,0.74991,1.12,1.00
2014.11.11 10:02:36.792,0.7497,0.74991,1.00,1.00
2014.11.11 10:02:37.334,0.74969,0.74991,1.12,1.00
2014.11.11 10:02:37.936,0.74968,0.74991,1.00,1.00
2014.11.11 10:02:38.500,0.74969,0.74992,1.00,1.00
2014.11.11 10:02:38.939,0.74971,0.74994,1.00,1.00
2014.11.11 10:02:39.282,0.74975,0.74996,1.00,1.00
2014.11.11 10:02:39.592,0.74972,0.74994,1.87,1.00
2014.11.11 10:02:39.642,0.74972,0.74994,1.50,1.00
2014.11.11 10:02:39.794,0.7497,0.74992,1.50,1.00
2014.11.11 10:02:42.434,0.7497,0.74991,1.12,1.00
2014.11.11 10:02:42.535,0.74968,0.74991,1.00,1.00
2014.11.11 10:02:42.686,0.74966,0.74989,1.12,1.00
2014.11.11 10:02:43.225,0.74965,0.74988,1.87,1.00
2014.11.11 10:02:43.755,0.74965,0.74988,1.37,1.00
2014.11.11 10:02:43.859,0.74965,0.74987,1.00,1.00
2014.11.11 10:02:43.967,0.74965,0.74983,1.00,1.00
2014.11.11 10:02:44.118,0.74965,0.74985,1.00,1.00
2014.11.11 10:02:44.323,0.74962,0.74987,1.87,1.00
2014.11.11 10:02:44.423,0.74962,0.74986,1.37,1.00
2014.11.11 10:02:44.625,0.7496,0.74984,1.37,1.00
2014.11.11 10:02:46.065,0.74959,0.74984,1.87,1.00
2014.11.11 10:02:46.213,0.74959,0.74984,1.87,1.00
2014.11.11 10:02:46.719,0.74959,0.74984,2.25,1.00
2014.11.11 10:02:47.170,0.74959,0.74984,1.87,1.00
2014.11.11 10:02:47.681,0.74959,0.74984,1.87,1.00
2014.11.11 10:02:48.775,0.74959,0.74984,1.87,1.00
2014.11.11 10:02:52.188,0.74959,0.74984,1.87,1.00
2014.11.11 10:02:52.523,0.74959,0.74984,1.12,1.00
2014.11.11 10:02:52.725,0.74959,0.74982,1.00,1.00
2014.11.11 10:02:53.028,0.74961,0.74983,1.00,1.00
2014.11.11 10:02:53.630,0.7496,0.74982,1.00,1.00
2014.11.11 10:02:54.158,0.74962,0.74984,1.00,1.00
2014.11.11 10:02:54.491,0.74966,0.74988,1.00,1.00
2014.11.11 10:02:55.110,0.74967,0.74989,1.00,1.00
2014.11.11 10:02:56.475,0.74966,0.74988,1.00,1.00
2014.11.11 10:02:59.342,0.74965,0.74986,1.00,1.00
2014.11.11 10:03:00.640,0.74966,0.74986,1.00,1.00
2014.11.11 10:03:01.151,0.74966,0.74986,1.37,1.00
2014.11.11 10:03:01.453,0.74966,0.74989,1.87,1.00
2014.11.11 10:03:01.553,0.74966,0.74986,1.00,1.00
2014.11.11 10:03:01.762,0.74963,0.74986,1.87,1.00
2014.11.11 10:03:01.963,0.74961,0.74984,1.87,1.00
2014.11.11 10:03:02.293,0.74964,0.74984,1.00,1.00
2014.11.11 10:03:02.445,0.74962,0.74983,1.00,1.00
2014.11.11 10:03:03.289,0.74959,0.7498,1.37,1.00
2014.11.11 10:03:06.460,0.74958,0.7498,1.00,1.00
2014.11.11 10:03:06.511,0.74956,0.74977,1.87,1.00
2014.11.11 10:03:06.832,0.74954,0.74975,1.37,1.00
2014.11.11 10:03:07.148,0.74952,0.74975,1.50,1.00
2014.11.11 10:03:10.115,0.74952,0.74975,1.87,1.00
2014.11.11 10:03:14.281,0.74953,0.74976,1.12,1.00
2014.11.11 10:03:14.441,0.74954,0.74977,1.37,1.00
2014.11.11 10:03:17.030,0.74957,0.74979,1.00,1.00
2014.11.11 10:03:21.366,0.74959,0.7498,1.00,1.00
2014.11.11 10:03:21.477,0.74959,0.74982,1.00,1.00
2014.11.11 10:03:23.211,0.74957,0.7498,1.00,1.00
2014.11.11 10:03:23.519,0.74955,0.74978,1.12,1.00
2014.11.11 10:03:24.290,0.74957,0.7498,1.00,1.00
2014.11.11 10:03:26.599,0.74956,0.74977,1.00,1.00
2014.11.11 10:03:31.156,0.74956,0.74979,1.00,1.00
2014.11.11 10:03:34.739,0.74953,0.74976,1.87,1.00
2014.11.11 10:03:35.718,0.74953,0.74975,1.37,1.00
2014.11.11 10:03:36.235,0.74953,0.74975,1.37,1.00
2014.11.11 10:03:36.749,0.74953,0.74975,1.37,1.00
2014.11.11 10:03:37.930,0.74953,0.74976,1.87,1.00
2014.11.11 10:03:38.246,0.74953,0.74974,1.00,1.00
2014.11.11 10:03:38.297,0.74951,0.74974,1.12,1.00
2014.11.11 10:03:39.178,0.74951,0.74974,1.37,1.00
2014.11.11 10:03:43.351,0.74954,0.74976,1.00,1.00
2014.11.11 10:03:43.744,0.74953,0.74974,1.00,1.00
2014.11.11 10:03:46.619,0.74954,0.74975,1.00,1.00
2014.11.11 10:03:47.192,0.74954,0.74977,1.00,1.00
2014.11.11 10:03:47.693,0.74954,0.74977,1.37,1.00
2014.11.11 10:03:48.225,0.74956,0.74977,1.00,1.00
2014.11.11 10:03:48.853,0.74955,0.74978,1.00,1.00
2014.11.11 10:03:48.960,0.74954,0.74975,1.00,1.00
2014.11.11 10:03:49.180,0.74951,0.74974,1.00,1.00
2014.11.11 10:03:52.160,0.74952,0.74975,1.00,1.00
2014.11.11 10:03:52.311,0.74952,0.74975,1.37,1.00
2014.11.11 10:03:52.704,0.74952,0.74973,1.00,1.00
2014.11.11 10:03:56.938,0.74952,0.74973,1.37,1.00
2014.11.11 10:03:57.451,0.74952,0.74973,1.87,1.00
2014.11.11 10:03:58.604,0.74952,0.74973,1.87,1.00
2014.11.11 10:03:59.598,0.74953,0.74974,1.00,1.00
2014.11.11 10:04:00.238,0.74951,0.74974,1.87,1.00
2014.11.11 10:04:01.317,0.74951,0.74974,1.00,1.00
2014.11.11 10:04:01.519,0.74952,0.74972,1.00,1.00
2014.11.11 10:04:02.036,0.74954,0.74973,1.00,1.00
2014.11.11 10:04:02.137,0.74954,0.74975,1.00,1.00
2014.11.11 10:04:02.357,0.74956,0.74977,1.00,1.00
2014.11.11 10:04:02.971,0.74954,0.74977,1.87,1.00
2014.11.11 10:04:03.314,0.74956,0.74978,1.37,1.00
2014.11.11 10:04:03.364,0.74958,0.7498,1.12,1.00
2014.11.11 10:04:03.415,0.74958,0.7498,1.37,1.00
2014.11.11 10:04:03.918,0.74962,0.74983,1.50,1.00
2014.11.11 10:04:04.535,0.74962,0.74984,1.50,1.00
2014.11.11 10:04:05.190,0.74962,0.74983,1.00,1.00
2014.11.11 10:04:06.433,0.74959,0.74982,1.00,1.00
2014.11.11 10:04:07.105,0.74959,0.74982,1.37,1.00
2014.11.11 10:04:08.164,0.74959,0.74982,1.12,1.00
2014.11.11 10:04:12.911,0.7496,0.74983,1.00,1.00
2014.11.11 10:04:14.670,0.7496,0.74983,1.37,1.00
2014.11.11 10:04:16.064,0.7496,0.74983,1.37,1.00
2014.11.11 10:04:16.115,0.74964,0.74984,1.00,1.00
2014.11.11 10:04:16.215,0.74964,0.74986,1.00,1.00
2014.11.11 10:04:16.366,0.74964,0.74992,1.87,1.12
2014.11.11 10:04:16.579,0.74966,0.74992,1.00,1.12
2014.11.11 10:04:17.451,0.74965,0.74992,1.00,1.12
2014.11.11 10:04:17.810,0.74962,0.74992,1.50,1.37
2014.11.11 10:04:19.895,0.74962,0.74992,1.37,1.87
2014.11.11 10:04:20.046,0.74962,0.74992,1.37,1.50
2014.11.11 10:04:20.197,0.74964,0.74986,1.00,1.00
2014.11.11 10:04:20.777,0.74964,0.74986,1.37,1.00
2014.11.11 10:04:28.308,0.74966,0.74989,1.00,1.00
2014.11.11 10:04:29.059,0.74966,0.74989,1.37,1.00
2014.11.11 10:04:29.718,0.74966,0.74989,1.37,1.00
2014.11.11 10:04:31.167,0.74967,0.7499,1.37,1.00
2014.11.11 10:04:34.368,0.74967,0.7499,1.37,1.00
2014.11.11 10:04:35.017,0.74968,0.74991,1.37,1.00
2014.11.11 10:04:35.584,0.7497,0.74991,1.00,1.00
2014.11.11 10:04:40.148,0.7497,0.74991,1.37,1.00
2014.11.11 10:04:41.861,0.7497,0.74992,1.37,1.00
2014.11.11 10:04:42.376,0.7497,0.74992,1.12,1.00
2014.11.11 10:04:42.881,0.7497,0.74992,1.37,1.00
2014.11.11 10:04:43.508,0.7497,0.74992,1.12,1.00
2014.11.11 10:04:44.406,0.74969,0.7499,1.87,1.00
2014.11.11 10:04:45.381,0.74969,0.74991,1.37,1.00
2014.11.11 10:04:46.789,0.74971,0.74991,1.00,1.00
2014.11.11 10:04:49.919,0.74971,0.74991,1.37,1.00
2014.11.11 10:04:50.020,0.74973,0.74995,1.00,1.00
2014.11.11 10:04:50.229,0.74975,0.74996,1.50,1.00
2014.11.11 10:04:50.351,0.74976,0.74998,1.00,1.00
2014.11.11 10:04:55.844,0.74979,0.74998,1.00,1.00
2014.11.11 10:04:56.164,0.74979,0.75,1.00,1.00
2014.11.11 10:04:57.139,0.74979,0.74997,1.00,1.00
2014.11.11 10:05:00.228,0.7498,0.74997,1.00,1.00
2014.11.11 10:05:00.666,0.74977,0.74997,1.12,1.00
2014.11.11 10:05:00.888,0.74976,0.74995,1.00,1.00
2014.11.11 10:05:01.135,0.74971,0.74993,1.37,1.00
2014.11.11 10:05:01.236,0.7497,0.74992,1.87,1.00
2014.11.11 10:05:01.748,0.74968,0.74991,1.37,1.00
2014.11.11 10:05:01.899,0.74968,0.74991,1.12,1.00
2014.11.11 10:05:05.158,0.74966,0.74989,1.87,1.00
2014.11.11 10:05:05.693,0.74968,0.74989,1.00,1.00
2014.11.11 10:05:05.743,0.74972,0.74994,1.00,1.00
2014.11.11 10:05:05.954,0.74969,0.74991,1.00,1.00
2014.11.11 10:05:06.522,0.74969,0.74991,1.37,1.00
2014.11.11 10:05:06.881,0.74969,0.74988,1.37,1.00
2014.11.11 10:05:07.380,0.74967,0.74988,1.50,1.00
2014.11.11 10:05:08.481,0.74967,0.7499,1.50,1.00
2014.11.11 10:05:10.168,0.74967,0.7499,1.87,1.00
2014.11.11 10:05:12.148,0.74967,0.7499,1.50,1.00
2014.11.11 10:05:12.528,0.74966,0.74988,1.37,1.00
2014.11.11 10:05:13.003,0.74966,0.74986,1.12,1.00
2014.11.11 10:05:14.571,0.74966,0.74986,1.37,1.00
2014.11.11 10:05:14.622,0.74967,0.7499,1.12,1.00
2014.11.11 10:05:15.471,0.74968,0.7499,1.12,1.00
2014.11.11 10:05:15.662,0.74969,0.7499,1.37,1.00
2014.11.11 10:05:15.763,0.74969,0.7499,1.87,1.00
2014.11.11 10:05:15.864,0.74972,0.74991,1.00,1.00
2014.11.11 10:05:17.268,0.74971,0.74991,1.00,1.00
2014.11.11 10:05:17.601,0.74971,0.74989,1.00,1.00
2014.11.11 10:05:18.303,0.7497,0.74989,1.00,1.00
2014.11.11 10:05:19.272,0.7497,0.74989,1.37,1.00
2014.11.11 10:05:19.473,0.7497,0.74991,1.37,1.00
2014.11.11 10:05:20.020,0.7497,0.74991,1.87,1.00
2014.11.11 10:05:20.750,0.7497,0.7499,1.37,1.00
2014.11.11 10:05:20.901,0.7497,0.74992,1.37,1.00
2014.11.11 10:05:21.410,0.74973,0.74993,1.00,1.00
2014.11.11 10:05:22.660,0.74973,0.74994,1.12,1.00
2014.11.11 10:05:23.479,0.74973,0.74993,1.12,1.00
2014.11.11 10:05:24.212,0.74973,0.74993,1.37,1.00
2014.11.11 10:05:24.263,0.74974,0.74995,1.37,1.00
2014.11.11 10:05:24.689,0.74976,0.74995,1.37,1.00
2014.11.11 10:05:25.296,0.74976,0.74995,1.12,1.00
2014.11.11 10:05:25.816,0.74976,0.74997,1.87,1.00
2014.11.11 10:05:26.429,0.74977,0.74999,1.00,1.00
2014.11.11 10:05:26.680,0.74978,0.75001,1.87,1.00
2014.11.11 10:05:27.319,0.74978,0.75,1.37,1.00
2014.11.11 10:05:27.782,0.74979,0.74998,1.00,1.00
2014.11.11 10:05:27.882,0.74975,0.74998,1.00,1.00
2014.11.11 10:05:27.983,0.74974,0.74996,1.12,1.00
2014.11.11 10:05:28.438,0.74972,0.74994,1.87,1.00
2014.11.11 10:05:28.998,0.74973,0.74995,1.00,1.00
2014.11.11 10:05:29.329,0.74977,0.74999,1.12,1.00
2014.11.11 10:05:33.710,0.74976,0.74999,1.00,1.00
2014.11.11 10:05:34.048,0.74973,0.74993,1.00,1.00
2014.11.11 10:05:34.228,0.74971,0.74993,1.87,1.00
2014.11.11 10:05:35.370,0.74972,0.74995,1.00,1.00
2014.11.11 10:05:35.559,0.74974,0.74995,1.00,1.00
2014.11.11 10:05:36.251,0.74973,0.74996,1.00,1.00
2014.11.11 10:05:36.879,0.74974,0.74997,1.00,1.00
2014.11.11 10:05:37.819,0.74975,0.74997,1.00,1.00
2014.11.11 10:05:38.348,0.74973,0.74996,1.87,1.00
2014.11.11 10:05:42.798,0.74973,0.74996,1.50,1.00
2014.11.11 10:05:43.620,0.74973,0.74994,1.00,1.00
2014.11.11 10:05:44.170,0.74972,0.74995,1.12,1.00
2014.11.11 10:05:45.459,0.74971,0.74994,1.37,1.00
2014.11.11 10:05:45.788,0.74971,0.74992,1.37,1.00
2014.11.11 10:05:46.117,0.7497,0.7499,1.37,1.00
2014.11.11 10:05:46.218,0.74969,0.7499,1.12,1.00
2014.11.11 10:05:51.398,0.74973,0.7499,1.00,1.00
2014.11.11 10:05:51.448,0.74973,0.74996,1.50,1.00
2014.11.11 10:05:51.668,0.74974,0.74996,1.37,1.00
2014.11.11 10:05:51.769,0.74978,0.74999,1.00,1.00
2014.11.11 10:05:51.838,0.74978,0.74997,1.00,1.00
2014.11.11 10:05:52.088,0.74979,0.75001,1.00,1.00
2014.11.11 10:05:52.189,0.74982,0.75004,1.12,1.00
2014.11.11 10:05:53.268,0.74982,0.75003,1.00,1.00
2014.11.11 10:05:54.676,0.7498,0.75003,1.87,1.00
2014.11.11 10:05:55.139,0.74982,0.75003,1.00,1.00
2014.11.11 10:05:59.013,0.74981,0.75002,1.00,1.00
2014.11.11 10:05:59.214,0.74982,0.75005,1.87,1.00
2014.11.11 10:05:59.405,0.74984,0.75004,1.00,1.00
2014.11.11 10:06:00.149,0.74984,0.75005,1.37,1.00
2014.11.11 10:06:00.929,0.74984,0.75005,1.00,1.00
2014.11.11 10:06:01.699,0.74981,0.75004,1.87,1.00
2014.11.11 10:06:01.960,0.74981,0.75004,1.87,1.00
2014.11.11 10:06:03.178,0.74983,0.75006,1.12,1.00
2014.11.11 10:06:03.600,0.74984,0.75007,1.87,1.00
2014.11.11 10:06:03.917,0.74986,0.75009,1.00,1.00
2014.11.11 10:06:04.568,0.74985,0.75008,1.50,1.00
2014.11.11 10:06:04.938,0.74984,0.75005,1.00,1.00
2014.11.11 10:06:05.774,0.74984,0.75005,1.37,1.00
2014.11.11 10:06:05.824,0.74987,0.75008,1.00,1.00
2014.11.11 10:06:05.925,0.74989,0.75012,1.00,1.12
2014.11.11 10:06:06.076,0.74987,0.7501,1.37,1.00
2014.11.11 10:06:06.177,0.74987,0.7501,1.00,1.00
2014.11.11 10:06:06.278,0.74984,0.75007,2.62,1.00
2014.11.11 10:06:06.769,0.74984,0.75005,1.87,1.00
2014.11.11 10:06:07.340,0.74984,0.75004,1.00,1.00
2014.11.11 10:06:09.997,0.74983,0.75005,1.00,1.00
2014.11.11 10:06:10.338,0.74983,0.75003,1.00,1.00
2014.11.11 10:06:19.119,0.74981,0.75001,1.00,1.00
2014.11.11 10:06:25.208,0.74979,0.74999,1.50,1.00
2014.11.11 10:06:27.648,0.7498,0.74999,1.00,1.00
2014.11.11 10:06:28.306,0.74979,0.74999,2.25,1.00
2014.11.11 10:06:29.712,0.74979,0.74998,1.00,1.00
2014.11.11 10:06:30.514,0.74979,0.74999,1.00,1.00
2014.11.11 10:06:37.393,0.74979,0.74998,1.00,1.00
2014.11.11 10:06:37.496,0.74976,0.74998,1.87,1.00
2014.11.11 10:06:38.251,0.74976,0.74998,1.50,1.00
2014.11.11 10:06:39.480,0.74975,0.74997,1.50,1.00
2014.11.11 10:06:39.947,0.74973,0.74995,1.00,1.00
2014.11.11 10:06:40.485,0.74972,0.74994,1.00,1.00
2014.11.11 10:06:41.087,0.74973,0.74995,1.00,1.00
2014.11.11 10:06:41.890,0.74973,0.74993,1.00,1.00
2014.11.11 10:06:42.293,0.74972,0.74994,1.37,1.00
2014.11.11 10:06:42.344,0.74975,0.74996,1.12,1.00
2014.11.11 10:06:42.939,0.74974,0.74996,1.00,1.00
2014.11.11 10:06:43.219,0.74974,0.74994,1.00,1.00
2014.11.11 10:06:43.647,0.74972,0.74993,1.00,1.00
2014.11.11 10:06:43.798,0.74969,0.74991,1.87,1.00
2014.11.11 10:06:45.462,0.74969,0.74991,1.00,1.00
2014.11.11 10:06:47.392,0.74969,0.74991,1.87,1.00
2014.11.11 10:06:47.777,0.74976,0.74991,1.00,1.00
2014.11.11 10:06:48.295,0.74974,0.74991,1.87,1.00
2014.11.11 10:06:48.877,0.74974,0.74991,1.00,1.00
2014.11.11 10:06:49.189,0.74974,0.74993,1.00,1.00
2014.11.11 10:06:49.309,0.74974,0.74995,1.00,1.00
2014.11.11 10:06:49.857,0.74974,0.74994,1.00,1.00
2014.11.11 10:06:52.008,0.74974,0.74995,1.00,1.00
2014.11.11 10:06:52.134,0.74977,0.74994,1.00,1.00
2014.11.11 10:06:52.234,0.74975,0.74994,1.00,1.00
2014.11.11 10:06:52.486,0.74976,0.74996,1.00,1.00
2014.11.11 10:06:52.587,0.74973,0.74995,1.87,1.00
2014.11.11 10:06:53.310,0.74972,0.74994,1.00,1.00
2014.11.11 10:06:54.609,0.74972,0.74994,1.37,1.00
2014.11.11 10:06:57.069,0.74975,0.74997,1.00,1.00
2014.11.11 10:06:57.617,0.74974,0.74996,2.25,1.00
2014.11.11 10:07:03.098,0.74975,0.74996,1.00,1.00
2014.11.11 10:07:06.417,0.74974,0.74996,2.25,1.00
2014.11.11 10:07:06.579,0.74976,0.74996,1.12,1.00
2014.11.11 10:07:07.519,0.74976,0.74995,1.00,1.00
2014.11.11 10:07:07.653,0.74974,0.74995,1.87,1.00
2014.11.11 10:07:10.178,0.74974,0.74994,1.50,1.00
2014.11.11 10:07:10.279,0.74972,0.74992,1.00,1.00
2014.11.11 10:07:14.776,0.74971,0.74992,1.00,1.00
2014.11.11 10:07:17.627,0.74973,0.74992,1.00,1.00
2014.11.11 10:07:17.878,0.74973,0.74995,1.50,1.00
2014.11.11 10:07:18.519,0.74972,0.74992,1.00,1.00
2014.11.11 10:07:20.697,0.74973,0.74992,1.00,1.00
2014.11.11 10:07:20.925,0.74971,0.74991,1.50,1.00
2014.11.11 10:07:21.253,0.74974,0.74991,1.00,1.00
2014.11.11 10:07:21.905,0.74974,0.74992,1.00,1.00
2014.11.11 10:07:22.587,0.74974,0.74993,1.00,1.00
2014.11.11 10:07:23.666,0.74973,0.74993,1.00,1.00
2014.11.11 10:07:26.414,0.74972,0.74993,1.00,1.00
2014.11.11 10:07:26.928,0.74972,0.74992,1.00,1.00
2014.11.11 10:07:27.506,0.74972,0.74991,1.00,1.00
2014.11.11 10:07:29.166,0.74969,0.74991,2.62,1.00
2014.11.11 10:07:29.708,0.74969,0.7499,1.50,1.00
2014.11.11 10:07:30.431,0.7497,0.7499,1.00,1.00
2014.11.11 10:07:30.946,0.74972,0.74992,1.00,1.00
2014.11.11 10:07:36.918,0.74971,0.74993,1.00,1.00
2014.11.11 10:07:37.626,0.74971,0.74992,1.00,1.00
2014.11.11 10:07:37.918,0.74972,0.74994,1.00,1.00
2014.11.11 10:07:39.348,0.74974,0.74994,1.00,1.00
2014.11.11 10:07:39.449,0.74974,0.74996,1.00,1.00
2014.11.11 10:07:42.092,0.74973,0.74995,1.00,1.12
2014.11.11 10:07:42.196,0.74971,0.74993,1.00,1.00
2014.11.11 10:07:42.613,0.74971,0.74991,1.00,1.00
2014.11.11 10:07:43.186,0.74971,0.74993,1.00,1.00
2014.11.11 10:07:44.718,0.74973,0.74995,1.00,1.00
2014.11.11 10:07:45.021,0.74976,0.74998,1.00,1.00
2014.11.11 10:07:45.335,0.74975,0.74995,1.00,1.00
2014.11.11 10:07:45.935,0.74977,0.74997,1.00,1.00
2014.11.11 10:07:46.035,0.74978,0.75,1.00,1.00
2014.11.11 10:07:46.259,0.7498,0.75002,1.00,1.00
2014.11.11 10:07:55.218,0.7498,0.75002,1.00,1.37
2014.11.11 10:07:58.708,0.74977,0.74999,1.00,1.00
2014.11.11 10:07:59.559,0.74977,0.74997,1.00,1.00
2014.11.11 10:07:59.908,0.74974,0.74994,1.00,1.00
2014.11.11 10:08:00.513,0.74974,0.74994,1.37,1.00
2014.11.11 10:08:00.772,0.74976,0.74998,1.12,1.00
2014.11.11 10:08:01.653,0.74977,0.74999,1.00,1.00
2014.11.11 10:08:02.735,0.74975,0.74997,1.00,1.00
2014.11.11 10:08:04.400,0.74977,0.74997,1.00,1.00
2014.11.11 10:08:04.501,0.74977,0.74999,1.00,1.00
2014.11.11 10:08:04.635,0.74977,0.74997,1.00,1.00
2014.11.11 10:08:04.977,0.74975,0.74995,1.00,1.00
2014.11.11 10:08:07.839,0.74976,0.74998,1.00,1.00
2014.11.11 10:08:07.940,0.74978,0.74999,1.00,1.00
2014.11.11 10:08:08.297,0.7498,0.75,1.00,1.00
2014.11.11 10:08:09.817,0.7498,0.75002,1.00,1.00
2014.11.11 10:08:12.450,0.74979,0.75001,1.00,1.00
2014.11.11 10:08:15.654,0.74978,0.74998,1.00,1.00
2014.11.11 10:08:16.216,0.74977,0.74997,1.00,1.00
2014.11.11 10:08:16.417,0.74977,0.74999,1.50,1.00
2014.11.11 10:08:16.518,0.7498,0.75002,1.00,1.00
2014.11.11 10:08:16.925,0.74982,0.75002,1.00,1.00
2014.11.11 10:08:17.166,0.7498,0.75002,1.00,1.00
2014.11.11 10:08:17.267,0.7498,0.75,1.00,1.00
2014.11.11 10:08:17.569,0.74977,0.74997,1.00,1.00
2014.11.11 10:08:20.447,0.74975,0.74997,1.50,1.00
2014.11.11 10:08:20.699,0.74976,0.74999,1.00,1.00
2014.11.11 10:08:20.915,0.74977,0.74997,1.00,1.00
2014.11.11 10:08:21.416,0.74976,0.74998,1.00,1.00
2014.11.11 10:08:26.533,0.74975,0.74997,1.00,1.00
2014.11.11 10:08:35.074,0.74974,0.74996,1.50,1.00
2014.11.11 10:08:35.376,0.74976,0.74996,1.00,1.00
2014.11.11 10:08:43.043,0.74974,0.74996,2.62,1.00
2014.11.11 10:08:46.080,0.74976,0.74998,1.00,1.00
2014.11.11 10:08:47.656,0.74976,0.74996,1.00,1.00
2014.11.11 10:08:48.088,0.74973,0.74993,1.00,1.00
2014.11.11 10:08:48.290,0.74971,0.74993,1.00,1.00
2014.11.11 10:08:48.716,0.74969,0.74991,1.00,1.00
2014.11.11 10:08:49.048,0.74967,0.74989,1.00,1.00
2014.11.11 10:08:49.349,0.74965,0.74987,1.00,1.00
2014.11.11 10:08:49.930,0.74964,0.74986,1.00,1.00
2014.11.11 10:08:51.625,0.74963,0.74985,1.00,1.00
2014.11.11 10:08:52.616,0.74965,0.74986,1.00,1.00
2014.11.11 10:08:52.926,0.74963,0.74986,1.00,1.00
2014.11.11 10:08:53.517,0.74963,0.74985,1.00,1.00
2014.11.11 10:08:53.786,0.74963,0.74983,1.00,1.00
2014.11.11 10:08:54.365,0.7496,0.74982,1.00,1.00
2014.11.11 10:08:55.559,0.74957,0.74979,1.00,1.00
2014.11.11 10:08:57.220,0.74959,0.74981,1.00,1.00
2014.11.11 10:08:59.845,0.74957,0.74979,1.00,1.00
2014.11.11 10:09:00.305,0.74954,0.74976,1.00,1.00
2014.11.11 10:09:01.929,0.74956,0.74976,1.00,1.00
2014.11.11 10:09:02.176,0.74957,0.74979,1.00,1.00
2014.11.11 10:09:02.276,0.74959,0.74981,1.00,1.00
2014.11.11 10:09:02.615,0.74961,0.74983,1.00,1.00
2014.11.11 10:09:02.944,0.74963,0.74985,1.00,1.00
2014.11.11 10:09:03.352,0.74965,0.74987,1.00,1.00
2014.11.11 10:09:04.214,0.74966,0.74988,1.00,1.00
2014.11.11 10:09:04.525,0.74964,0.74986,1.00,1.00
2014.11.11 10:09:06.245,0.74964,0.74987,1.00,1.12
2014.11.11 10:09:08.555,0.74964,0.74986,1.00,1.00
2014.11.11 10:09:08.945,0.7496,0.74982,1.00,1.00
2014.11.11 10:09:12.615,0.74962,0.74984,1.00,1.00
2014.11.11 10:09:13.116,0.74963,0.74985,1.00,1.12
2014.11.11 10:09:13.554,0.7496,0.74982,1.00,1.12
2014.11.11 10:09:14.593,0.74958,0.7498,1.00,1.50
2014.11.11 10:09:14.945,0.74954,0.74976,1.00,1.00
2014.11.11 10:09:15.514,0.74953,0.74975,1.00,1.00
2014.11.11 10:09:15.877,0.74953,0.74973,1.00,1.00
2014.11.11 10:09:16.460,0.74953,0.74975,1.12,1.00
2014.11.11 10:09:17.134,0.74954,0.74976,1.00,1.00
2014.11.11 10:09:17.576,0.74956,0.74978,1.00,1.00
2014.11.11 10:09:18.895,0.74955,0.74977,1.12,1.00
2014.11.11 10:09:19.219,0.74957,0.74979,1.00,1.00
2014.11.11 10:09:19.665,0.74959,0.74979,1.00,1.00
2014.11.11 10:09:21.751,0.74958,0.74978,1.00,1.00
2014.11.11 10:09:21.854,0.74956,0.74978,1.00,1.00
2014.11.11 10:09:21.955,0.74956,0.74976,1.00,1.00
2014.11.11 10:09:22.156,0.74952,0.74974,1.00,1.00
2014.11.11 10:09:22.415,0.74954,0.74976,1.00,1.00
2014.11.11 10:09:23.570,0.74954,0.74976,1.00,1.37
2014.11.11 10:09:24.123,0.74954,0.74976,1.00,1.37
2014.11.11 10:09:24.946,0.74954,0.74976,1.00,1.00
2014.11.11 10:09:25.266,0.74956,0.74978,1.00,1.37
2014.11.11 10:09:25.528,0.74957,0.74979,1.00,1.00
2014.11.11 10:09:25.579,0.74959,0.74979,1.00,1.00
2014.11.11 10:09:25.934,0.74959,0.74981,1.00,1.12
2014.11.11 10:09:26.003,0.74962,0.74982,1.00,1.37
2014.11.11 10:09:26.155,0.74964,0.74986,1.00,1.37
2014.11.11 10:09:26.722,0.74964,0.74986,1.00,1.00
2014.11.11 10:09:34.397,0.74965,0.74987,1.00,1.00
2014.11.11 10:09:34.695,0.74965,0.74985,1.00,1.00
2014.11.11 10:09:35.024,0.74963,0.74985,1.50,1.00
2014.11.11 10:09:38.268,0.74964,0.74985,1.00,1.00
2014.11.11 10:09:40.545,0.74963,0.74985,1.00,1.00
2014.11.11 10:09:45.141,0.74963,0.74985,1.00,1.37
2014.11.11 10:09:45.192,0.74958,0.7498,1.50,1.00
2014.11.11 10:09:45.479,0.74958,0.74978,1.00,1.00
2014.11.11 10:09:45.630,0.74958,0.7498,1.00,1.00
2014.11.11 10:09:45.834,0.74956,0.74978,1.00,1.00
2014.11.11 10:09:49.891,0.74958,0.74979,1.00,1.00
2014.11.11 10:09:50.445,0.74957,0.74979,1.00,1.00
2014.11.11 10:09:51.085,0.74959,0.74979,1.00,1.00
2014.11.11 10:09:51.444,0.74956,0.74978,1.00,1.00
2014.11.11 10:09:51.544,0.74955,0.74975,1.00,1.00
2014.11.11 10:09:52.063,0.74956,0.74976,1.00,1.00
2014.11.11 10:09:52.184,0.74956,0.74978,1.00,1.00
2014.11.11 10:09:52.736,0.74955,0.74977,1.00,1.00
2014.11.11 10:09:53.615,0.74951,0.74971,1.50,1.00
2014.11.11 10:09:54.187,0.74949,0.74964,1.00,1.00
2014.11.11 10:09:54.312,0.74945,0.74964,1.12,1.00
2014.11.11 10:09:54.911,0.74945,0.74964,1.37,1.00
2014.11.11 10:09:54.962,0.74946,0.74966,1.12,1.00
2014.11.11 10:09:55.062,0.74948,0.7497,1.00,1.00
2014.11.11 10:09:55.418,0.74951,0.7497,1.12,1.00
2014.11.11 10:09:55.483,0.74951,0.74972,1.12,1.00
2014.11.11 10:09:56.943,0.74952,0.74972,1.00,1.00
2014.11.11 10:09:59.503,0.74954,0.74972,1.00,1.00
2014.11.11 10:10:06.986,0.74952,0.74972,1.50,1.00
2014.11.11 10:10:07.940,0.74951,0.7497,1.00,1.00
2014.11.11 10:10:08.789,0.74952,0.7497,1.00,1.00
2014.11.11 10:10:09.344,0.74952,0.74971,1.00,1.00
2014.11.11 10:10:12.237,0.74952,0.74972,1.12,1.00
2014.11.11 10:10:13.775,0.74952,0.74974,1.87,1.00
2014.11.11 10:10:13.964,0.74952,0.74972,1.12,1.00
2014.11.11 10:10:14.074,0.74952,0.74974,1.87,1.00
2014.11.11 10:10:15.185,0.74952,0.74974,1.87,1.00
2014.11.11 10:10:15.336,0.74956,0.74976,1.00,1.00
2014.11.11 10:10:15.437,0.74957,0.74979,1.00,1.00
2014.11.11 10:10:15.539,0.74955,0.74975,1.00,1.00
2014.11.11 10:10:15.724,0.74955,0.74978,1.50,1.00
2014.11.11 10:10:16.725,0.74956,0.74979,1.00,1.12
2014.11.11 10:10:16.976,0.74955,0.74976,1.00,1.00
2014.11.11 10:10:17.077,0.74957,0.7498,1.00,1.00
2014.11.11 10:10:17.178,0.74955,0.74976,1.00,1.00
2014.11.11 10:10:17.278,0.74956,0.74979,1.00,1.00
2014.11.11 10:10:19.354,0.74955,0.74977,1.00,1.00
2014.11.11 10:10:19.684,0.74952,0.74973,1.50,1.00
2014.11.11 10:10:22.351,0.74952,0.74973,1.87,1.00
2014.11.11 10:10:22.552,0.74957,0.7498,1.50,1.00
2014.11.11 10:10:22.928,0.74957,0.74978,1.00,1.37
2014.11.11 10:10:23.034,0.74955,0.74978,1.00,1.12
2014.11.11 10:10:23.084,0.74953,0.74976,1.50,1.00
2014.11.11 10:10:23.594,0.74954,0.74977,1.87,1.00
2014.11.11 10:10:23.897,0.74954,0.74977,1.87,1.00
2014.11.11 10:10:24.428,0.74955,0.74978,1.50,1.00
2014.11.11 10:10:24.844,0.74958,0.74978,1.00,1.00
2014.11.11 10:10:24.945,0.74957,0.7498,1.00,1.00
2014.11.11 10:10:25.610,0.74959,0.74982,1.00,1.00
2014.11.11 10:10:30.807,0.74957,0.7498,1.50,1.00
2014.11.11 10:10:31.477,0.74959,0.74982,1.00,1.00
2014.11.11 10:10:49.841,0.74962,0.74983,1.00,1.00
2014.11.11 10:10:49.942,0.74962,0.74985,1.00,1.00
2014.11.11 10:10:50.905,0.74962,0.74985,1.87,1.00
2014.11.11 10:10:53.615,0.74962,0.74985,1.50,1.00
2014.11.11 10:10:54.780,0.74963,0.74986,1.60,1.00
2014.11.11 10:10:54.982,0.74968,0.74991,1.00,1.00
2014.11.11 10:10:55.082,0.74974,0.74996,1.00,1.87
2014.11.11 10:10:55.233,0.74965,0.74988,1.50,1.00
2014.11.11 10:10:55.334,0.74962,0.74984,1.00,1.00
2014.11.11 10:10:56.027,0.74962,0.74984,1.37,1.00
2014.11.11 10:10:56.653,0.74964,0.74984,1.00,1.00
2014.11.11 10:10:57.213,0.74963,0.74984,1.50,1.00
2014.11.11 10:10:57.770,0.74963,0.74983,1.00,1.00
2014.11.11 10:10:57.821,0.7496,0.74983,1.50,1.00
2014.11.11 10:10:58.527,0.74962,0.74985,1.00,1.00
2014.11.11 10:10:59.835,0.74961,0.74982,1.00,1.00
2014.11.11 10:10:59.936,0.74959,0.74982,1.00,1.00
2014.11.11 10:11:01.894,0.74962,0.74983,1.00,1.00
2014.11.11 10:11:02.146,0.74962,0.74985,1.00,1.00
2014.11.11 10:11:02.894,0.74961,0.74984,1.00,1.00
2014.11.11 10:11:03.324,0.74961,0.74982,1.00,1.00
2014.11.11 10:11:04.136,0.74959,0.74982,1.00,1.00
2014.11.11 10:11:09.483,0.74958,0.74981,1.00,1.00
2014.11.11 10:11:11.146,0.7496,0.74981,1.00,1.00
2014.11.11 10:11:11.803,0.74959,0.7498,1.50,1.00
2014.11.11 10:11:12.004,0.74956,0.74978,1.00,1.00
2014.11.11 10:11:12.281,0.74954,0.74977,1.50,1.00
2014.11.11 10:11:13.666,0.74956,0.74978,1.00,1.00
2014.11.11 10:11:13.989,0.74958,0.74978,1.00,1.00
2014.11.11 10:11:15.544,0.74959,0.74979,1.00,1.00
2014.11.11 10:11:15.653,0.74959,0.74981,1.00,1.00
2014.11.11 10:11:16.632,0.74958,0.7498,1.50,1.00
2014.11.11 10:11:18.744,0.7496,0.74982,1.00,1.00
2014.11.11 10:11:19.256,0.74961,0.74981,1.00,1.00
2014.11.11 10:11:19.722,0.74958,0.7498,1.00,1.00
2014.11.11 10:11:22.565,0.74959,0.7498,1.37,1.00
2014.11.11 10:11:22.716,0.74966,0.74989,1.50,1.00
2014.11.11 10:11:23.005,0.74968,0.74989,1.00,1.00
2014.11.11 10:11:23.348,0.74966,0.74989,1.50,1.00
2014.11.11 10:11:24.112,0.74967,0.7499,1.00,1.00
2014.11.11 10:11:24.333,0.74969,0.74991,1.00,1.00
2014.11.11 10:11:24.856,0.74968,0.7499,1.00,1.00
2014.11.11 10:11:38.413,0.74967,0.74989,1.00,1.00
2014.11.11 10:11:38.787,0.74964,0.74986,1.00,1.00
2014.11.11 10:11:41.862,0.74966,0.74988,1.00,1.00
2014.11.11 10:11:42.367,0.74967,0.74989,1.00,1.00
2014.11.11 10:11:46.454,0.74966,0.74988,1.00,1.00
2014.11.11 10:11:47.297,0.74966,0.74988,2.62,1.00
2014.11.11 10:11:47.448,0.7497,0.74992,2.25,1.00
2014.11.11 10:11:47.549,0.74972,0.74994,1.00,1.00
2014.11.11 10:11:48.879,0.74973,0.74995,1.00,1.00
2014.11.11 10:11:52.712,0.74971,0.74993,1.12,1.00
2014.11.11 10:11:53.033,0.74969,0.74991,1.12,1.00
2014.11.11 10:12:00.763,0.74968,0.7499,1.00,1.00
2014.11.11 10:12:01.121,0.74965,0.74987,1.00,1.00
2014.11.11 10:12:02.879,0.74967,0.74989,1.00,1.00
2014.11.11 10:12:03.272,0.7497,0.74992,1.00,1.00
2014.11.11 10:12:03.747,0.74974,0.74994,1.00,1.00
2014.11.11 10:12:04.485,0.74976,0.74996,1.00,1.00
2014.11.11 10:12:04.840,0.74973,0.74995,1.00,1.00
2014.11.11 10:12:13.308,0.74973,0.74995,1.37,1.00
2014.11.11 10:12:13.509,0.74977,0.74999,1.00,1.00
2014.11.11 10:12:24.084,0.7498,0.75,1.00,1.00
2014.11.11 10:12:25.631,0.74978,0.75,1.00,1.00
2014.11.11 10:12:25.822,0.74975,0.74995,1.00,1.00
2014.11.11 10:12:26.400,0.74975,0.74997,1.00,1.12
2014.11.11 10:12:26.945,0.74974,0.74996,1.00,1.00
2014.11.11 10:12:27.494,0.74973,0.74993,1.00,1.00
2014.11.11 10:12:27.714,0.74971,0.74994,1.50,1.00
2014.11.11 10:12:27.815,0.74973,0.74995,1.00,1.00
2014.11.11 10:12:28.164,0.74972,0.74992,1.00,1.00
2014.11.11 10:12:28.265,0.74969,0.74991,1.50,1.00
2014.11.11 10:12:28.467,0.74968,0.74988,1.00,1.00
2014.11.11 10:12:28.579,0.74969,0.74991,1.00,1.00
2014.11.11 10:12:28.831,0.74971,0.74993,1.00,1.00
2014.11.11 10:12:29.375,0.7497,0.74992,1.00,1.00
2014.11.11 10:12:29.702,0.7497,0.7499,1.00,1.00
2014.11.11 10:12:32.247,0.74968,0.74988,1.50,1.00
2014.11.11 10:12:32.794,0.74967,0.74988,1.00,1.00
2014.11.11 10:12:33.331,0.74967,0.74989,1.00,1.00
2014.11.11 10:12:34.181,0.74968,0.7499,1.00,1.00
2014.11.11 10:12:34.733,0.74969,0.74991,1.00,1.00
2014.11.11 10:12:35.281,0.74968,0.7499,1.50,1.00
2014.11.11 10:12:41.246,0.74968,0.74988,1.50,1.00
2014.11.11 10:12:41.912,0.74968,0.7499,1.50,1.00
2014.11.11 10:12:47.936,0.74968,0.74989,1.00,1.00
2014.11.11 10:12:49.179,0.74968,0.7499,1.50,1.00
2014.11.11 10:12:50.056,0.74969,0.74991,1.00,1.00
2014.11.11 10:12:55.310,0.74971,0.74991,1.00,1.00
2014.11.11 10:12:55.462,0.74971,0.74993,1.50,1.00
2014.11.11 10:12:56.032,0.74973,0.74994,1.00,1.00
2014.11.11 10:12:56.673,0.74973,0.74995,1.50,1.00
2014.11.11 10:13:01.291,0.74976,0.74996,1.00,1.00
2014.11.11 10:13:01.392,0.74976,0.74998,1.00,1.12
2014.11.11 10:13:01.692,0.74974,0.74996,1.00,1.00
2014.11.11 10:13:02.269,0.74975,0.74997,1.00,1.00
2014.11.11 10:13:06.851,0.74976,0.74998,1.00,1.37
2014.11.11 10:13:07.787,0.74976,0.74998,1.00,1.00
2014.11.11 10:13:08.089,0.74972,0.74992,1.00,1.00
2014.11.11 10:13:08.190,0.74968,0.7499,1.00,1.00
2014.11.11 10:13:08.615,0.74966,0.74988,1.00,1.00
2014.11.11 10:13:08.974,0.74968,0.74988,1.00,1.00
2014.11.11 10:13:09.495,0.7497,0.74993,1.00,1.12
2014.11.11 10:13:09.602,0.7497,0.74993,1.00,1.37
2014.11.11 10:13:09.753,0.74966,0.74988,1.00,1.12
2014.11.11 10:13:10.074,0.74965,0.74985,1.00,1.00
2014.11.11 10:13:10.175,0.74962,0.74984,1.00,1.12
2014.11.11 10:13:10.379,0.7496,0.74982,1.00,1.00
2014.11.11 10:13:10.681,0.74959,0.7498,1.00,1.37
2014.11.11 10:13:10.850,0.74956,0.74979,1.00,1.00
2014.11.11 10:13:11.470,0.74955,0.74978,1.00,1.00
2014.11.11 10:13:11.992,0.74956,0.74979,1.00,1.00
2014.11.11 10:13:12.043,0.74959,0.7498,1.00,1.00
2014.11.11 10:13:12.272,0.74957,0.7498,1.00,1.00
2014.11.11 10:13:12.602,0.74955,0.74978,1.00,1.00
2014.11.11 10:13:13.132,0.74956,0.74979,1.00,1.12
2014.11.11 10:13:13.670,0.74956,0.74977,1.00,1.00
2014.11.11 10:13:13.924,0.74953,0.74976,1.00,1.00
2014.11.11 10:13:14.583,0.74956,0.74977,1.00,1.12
2014.11.11 10:13:14.814,0.74954,0.74977,1.00,1.12
2014.11.11 10:13:15.781,0.74953,0.74976,1.00,1.00
2014.11.11 10:13:16.320,0.74952,0.74975,1.00,1.00
2014.11.11 10:13:16.783,0.74952,0.74973,1.00,1.00
2014.11.11 10:13:17.323,0.74951,0.74974,1.00,1.00
2014.11.11 10:13:18.025,0.74951,0.74974,1.37,1.00
2014.11.11 10:13:18.076,0.74954,0.74977,1.00,1.00
2014.11.11 10:13:18.413,0.74956,0.74979,1.00,1.00
2014.11.11 10:13:20.304,0.74955,0.74978,1.00,1.00
2014.11.11 10:13:20.633,0.74961,0.74984,1.00,1.00
2014.11.11 10:13:20.962,0.74963,0.74986,1.00,1.50
2014.11.11 10:13:21.592,0.74963,0.74984,1.00,1.00
2014.11.11 10:13:22.830,0.74965,0.74986,1.00,1.00
2014.11.11 10:13:23.340,0.74966,0.74987,1.00,1.00
2014.11.11 10:13:23.394,0.74964,0.74987,1.00,1.00
2014.11.11 10:13:27.451,0.74963,0.74986,1.00,1.00
2014.11.11 10:13:28.984,0.74962,0.74985,1.00,1.00
2014.11.11 10:13:30.193,0.74963,0.74986,1.00,1.00
2014.11.11 10:13:31.931,0.74964,0.74987,1.00,1.00
2014.11.11 10:13:32.562,0.74963,0.74986,1.00,1.00
2014.11.11 10:13:34.179,0.74965,0.74986,1.00,1.00
2014.11.11 10:13:34.463,0.74963,0.74986,1.00,1.00
2014.11.11 10:13:34.614,0.7496,0.74983,1.12,1.00
2014.11.11 10:13:34.915,0.7496,0.74981,1.00,1.00
2014.11.11 10:13:35.025,0.74961,0.74984,1.00,1.00
2014.11.11 10:13:35.126,0.74968,0.74986,1.00,1.00
2014.11.11 10:13:35.176,0.74968,0.7499,1.00,1.00
2014.11.11 10:13:35.277,0.7497,0.7499,1.00,1.00
2014.11.11 10:13:35.478,0.74967,0.74988,1.00,1.00
2014.11.11 10:13:37.032,0.74967,0.74988,1.00,1.37
2014.11.11 10:13:37.132,0.74965,0.74986,1.00,1.00
2014.11.11 10:13:37.233,0.74963,0.74986,1.00,1.00
2014.11.11 10:13:37.821,0.74962,0.74985,1.00,1.00
2014.11.11 10:13:40.113,0.74963,0.74986,1.00,1.00
2014.11.11 10:13:40.547,0.74965,0.74986,1.00,1.00
2014.11.11 10:13:40.864,0.74963,0.74986,1.00,1.00
2014.11.11 10:13:41.280,0.74965,0.74988,1.00,1.50
2014.11.11 10:13:41.582,0.74965,0.74986,1.00,1.00
2014.11.11 10:13:41.632,0.74963,0.74986,1.00,1.00
2014.11.11 10:13:43.543,0.74963,0.74986,1.75,1.00
2014.11.11 10:13:43.594,0.7497,0.7499,1.00,1.00
2014.11.11 10:13:43.645,0.7497,0.74993,1.12,1.00
2014.11.11 10:13:43.952,0.74973,0.74994,1.00,1.00
2014.11.11 10:13:44.162,0.74973,0.74996,1.00,1.00
2014.11.11 10:13:47.910,0.74973,0.74996,1.37,1.00
2014.11.11 10:13:48.234,0.74976,0.74999,1.00,1.00
2014.11.11 10:13:48.790,0.74977,0.75,1.00,1.00
2014.11.11 10:13:49.312,0.74977,0.74998,1.00,1.00
2014.11.11 10:13:49.565,0.74975,0.74998,1.00,1.00
2014.11.11 10:13:50.534,0.74974,0.74997,1.00,1.00
2014.11.11 10:13:53.163,0.74973,0.74996,1.37,1.00
2014.11.11 10:13:53.676,0.74973,0.74996,1.12,1.00
2014.11.11 10:13:54.328,0.74973,0.74996,1.37,1.00
2014.11.11 10:13:54.630,0.74977,0.74998,1.00,1.00
2014.11.11 10:13:54.919,0.74977,0.75,1.00,1.50
2014.11.11 10:13:55.633,0.74978,0.75001,1.00,1.00
2014.11.11 10:13:59.886,0.74975,0.74998,1.50,1.00
2014.11.11 10:14:00.681,0.74975,0.74997,1.12,1.00
2014.11.11 10:14:01.063,0.74979,0.74997,1.00,1.00
2014.11.11 10:14:01.214,0.74979,0.74999,1.00,1.00
2014.11.11 10:14:02.043,0.74976,0.74999,1.00,1.00
2014.11.11 10:14:02.562,0.74977,0.75,1.00,1.00
2014.11.11 10:14:02.613,0.7498,0.75,1.00,1.00
2014.11.11 10:14:02.663,0.7498,0.75002,1.00,1.00
2014.11.11 10:14:02.865,0.74981,0.75004,1.00,1.12
2014.11.11 10:14:02.967,0.74983,0.75004,1.00,1.00
2014.11.11 10:14:03.255,0.74981,0.75004,1.00,1.00
2014.11.11 10:14:03.305,0.74979,0.75001,1.00,1.00
2014.11.11 10:14:03.821,0.74979,0.75002,1.87,1.00
2014.11.11 10:14:05.120,0.7498,0.75002,1.00,1.00
2014.11.11 10:14:05.731,0.74979,0.75002,1.00,1.00
2014.11.11 10:14:06.692,0.74978,0.75001,1.50,1.00
2014.11.11 10:14:07.930,0.74977,0.75,1.00,1.00
2014.11.11 10:14:08.357,0.74976,0.74997,1.00,1.00
2014.11.11 10:14:08.670,0.74975,0.74995,1.00,1.00
2014.11.11 10:14:09.990,0.74975,0.74997,1.00,1.00
2014.11.11 10:14:10.100,0.74977,0.74998,1.00,1.00
2014.11.11 10:14:11.530,0.74976,0.74998,1.00,1.00
2014.11.11 10:14:12.685,0.74975,0.74998,1.50,1.00
2014.11.11 10:14:13.739,0.74977,0.75,1.00,1.12
2014.11.11 10:14:15.899,0.74977,0.75,1.00,1.37
2014.11.11 10:14:16.192,0.74974,0.74997,1.50,1.00
2014.11.11 10:14:16.819,0.74973,0.74996,1.00,1.00
2014.11.11 10:14:17.376,0.74974,0.74996,1.00,1.00
2014.11.11 10:14:18.575,0.74974,0.74997,1.50,1.00
2014.11.11 10:14:18.680,0.74976,0.74997,1.00,1.00
2014.11.11 10:14:28.799,0.74974,0.74997,2.62,1.00
2014.11.11 10:14:31.667,0.74975,0.74998,1.00,1.00
2014.11.11 10:14:32.210,0.74974,0.74997,2.25,1.00
2014.11.11 10:14:36.613,0.74975,0.74997,1.00,1.00
2014.11.11 10:14:38.846,0.74976,0.74999,1.00,1.00
2014.11.11 10:14:39.072,0.74978,0.74999,1.00,1.00
2014.11.11 10:14:40.790,0.74978,0.75001,1.00,1.00
2014.11.11 10:14:43.241,0.74979,0.75001,1.00,1.00
2014.11.11 10:14:43.772,0.7498,0.75001,1.00,1.00
2014.11.11 10:14:49.302,0.74979,0.75006,1.87,1.12
2014.11.11 10:14:49.504,0.74981,0.75002,1.00,1.00
2014.11.11 10:14:52.918,0.74982,0.75005,1.00,1.00
2014.11.11 10:14:53.302,0.74981,0.75004,1.87,1.00
2014.11.11 10:14:53.453,0.74983,0.75006,1.12,1.00
2014.11.11 10:14:53.970,0.74983,0.75006,1.37,1.00
2014.11.11 10:14:54.567,0.74984,0.75006,1.37,1.00
2014.11.11 10:14:55.285,0.74984,0.75006,1.00,1.00
2014.11.11 10:14:55.993,0.74984,0.75006,1.37,1.00
2014.11.11 10:14:56.848,0.74984,0.75006,1.87,1.00
2014.11.11 10:15:00.482,0.74986,0.75006,1.00,1.00
2014.11.11 10:15:01.138,0.74986,0.75008,1.12,1.00
2014.11.11 10:15:01.340,0.74986,0.75008,1.37,1.00
2014.11.11 10:15:05.430,0.74985,0.75007,1.87,1.00
2014.11.11 10:15:09.861,0.74985,0.75007,1.87,1.00
2014.11.11 10:15:11.164,0.74985,0.75007,1.87,1.00
2014.11.11 10:15:11.365,0.74985,0.75007,1.87,1.00
2014.11.11 10:15:18.080,0.74987,0.75007,1.37,1.00
2014.11.11 10:15:18.882,0.74987,0.75007,1.37,1.00
2014.11.11 10:15:19.431,0.74985,0.75007,1.87,1.00
2014.11.11 10:15:29.999,0.74985,0.75007,2.62,1.00
2014.11.11 10:15:32.904,0.74985,0.75007,1.87,1.00
2014.11.11 10:15:35.542,0.74985,0.75007,1.87,1.00
2014.11.11 10:15:35.592,0.74989,0.75007,1.00,1.00
2014.11.11 10:15:36.269,0.74989,0.75008,1.00,1.00
2014.11.11 10:15:37.385,0.74985,0.75007,1.87,1.00
2014.11.11 10:15:40.921,0.74985,0.75007,1.87,1.00
2014.11.11 10:15:42.625,0.74985,0.75007,1.87,1.00
2014.11.11 10:15:44.328,0.74985,0.75007,1.87,1.00
2014.11.11 10:15:44.429,0.74984,0.75006,1.87,1.00
2014.11.11 10:15:44.562,0.74984,0.75006,1.87,1.00
2014.11.11 10:15:44.864,0.74986,0.75006,1.87,1.00
2014.11.11 10:15:45.034,0.74991,0.75011,1.00,1.00
2014.11.11 10:15:45.589,0.7499,0.75012,1.12,1.00
2014.11.11 10:15:45.690,0.74992,0.75012,1.00,1.00
2014.11.11 10:15:46.437,0.74992,0.75012,1.37,1.00
2014.11.11 10:15:46.922,0.7499,0.75012,1.12,1.00
2014.11.11 10:15:47.486,0.74989,0.75011,1.50,1.00
2014.11.11 10:15:51.731,0.74987,0.75009,1.00,1.00
2014.11.11 10:15:52.248,0.74988,0.75008,1.00,1.00
2014.11.11 10:15:54.757,0.74989,0.75009,1.00,1.00
2014.11.11 10:15:54.958,0.74989,0.75011,1.50,1.00
2014.11.11 10:15:57.862,0.74989,0.75011,1.87,1.00
2014.11.11 10:15:58.014,0.74991,0.75013,1.12,1.00
2014.11.11 10:16:03.180,0.7499,0.75012,1.37,1.00
2014.11.11 10:16:03.890,0.7499,0.75012,1.12,1.00
2014.11.11 10:16:08.484,0.7499,0.75012,1.37,1.00
2014.11.11 10:16:08.900,0.74992,0.75012,1.37,1.00
2014.11.11 10:16:09.622,0.74992,0.75012,1.00,1.00
2014.11.11 10:16:10.491,0.74992,0.75012,1.37,1.00
2014.11.11 10:16:12.862,0.7499,0.75011,1.87,1.00
2014.11.11 10:16:24.214,0.74989,0.75011,1.87,1.00
2014.11.11 10:16:24.415,0.74989,0.75009,1.50,1.00
2014.11.11 10:16:24.637,0.74986,0.75008,1.37,1.00
2014.11.11 10:16:30.238,0.74988,0.75008,1.00,1.00
2014.11.11 10:16:31.228,0.74986,0.75008,1.37,1.00
2014.11.11 10:16:31.830,0.74987,0.75009,1.00,1.00
2014.11.11 10:16:34.684,0.74986,0.75008,1.00,1.00
2014.11.11 10:16:35.231,0.74985,0.75005,1.00,1.00
2014.11.11 10:16:35.848,0.74985,0.75007,1.00,1.00
2014.11.11 10:16:38.378,0.74987,0.75007,1.00,1.00
2014.11.11 10:16:43.807,0.74988,0.7501,1.00,1.00
2014.11.11 10:16:44.598,0.74989,0.75009,1.00,1.00
2014.11.11 10:16:44.698,0.74987,0.75009,1.00,1.00
2014.11.11 10:16:44.870,0.74986,0.75006,1.00,1.00
2014.11.11 10:16:45.021,0.74983,0.75005,1.12,1.00
2014.11.11 10:16:45.122,0.74987,0.75007,1.00,1.00
2014.11.11 10:16:45.233,0.74985,0.75007,1.00,1.00
2014.11.11 10:16:45.334,0.74983,0.75005,1.00,1.00
2014.11.11 10:16:45.887,0.74983,0.75004,1.00,1.00
2014.11.11 10:16:46.671,0.74984,0.75006,1.00,1.00
2014.11.11 10:16:46.849,0.74984,0.75004,1.00,1.00
2014.11.11 10:16:47.210,0.74984,0.75006,1.50,1.00
2014.11.11 10:16:48.498,0.74986,0.75006,1.00,1.00
2014.11.11 10:16:48.948,0.74984,0.75004,1.00,1.00
2014.11.11 10:16:49.754,0.74984,0.75006,1.87,1.00
2014.11.11 10:16:50.808,0.74984,0.75004,1.87,1.00
2014.11.11 10:16:50.918,0.74984,0.75004,1.87,1.00
2014.11.11 10:16:51.044,0.74984,0.75006,1.87,1.00
2014.11.11 10:16:51.571,0.74983,0.75005,1.00,1.00
2014.11.11 10:16:51.722,0.74983,0.75003,1.00,1.00
2014.11.11 10:16:52.628,0.74983,0.75003,1.37,1.00
2014.11.11 10:16:53.356,0.74983,0.75003,1.00,1.00
2014.11.11 10:16:53.887,0.74984,0.75004,1.00,1.00
2014.11.11 10:16:58.992,0.74982,0.75002,1.00,1.00
2014.11.11 10:17:03.917,0.74982,0.75004,1.00,1.00
2014.11.11 10:17:03.967,0.74982,0.75004,1.37,1.00
2014.11.11 10:17:04.018,0.74984,0.75006,1.12,1.00
2014.11.11 10:17:04.119,0.74987,0.75009,1.00,1.00
2014.11.11 10:17:04.439,0.7499,0.75012,1.00,1.00
2014.11.11 10:17:06.724,0.7499,0.75012,1.37,1.00
2014.11.11 10:17:07.146,0.74993,0.75013,1.00,1.00
2014.11.11 10:17:07.575,0.74988,0.7501,1.00,1.00
2014.11.11 10:17:07.676,0.74992,0.75012,1.00,1.00
2014.11.11 10:17:08.002,0.7499,0.7501,1.00,1.00
2014.11.11 10:17:09.003,0.74986,0.75008,1.00,1.00
2014.11.11 10:17:09.070,0.74988,0.7501,1.00,1.00
2014.11.11 10:17:13.474,0.74986,0.75006,1.00,1.00
2014.11.11 10:17:15.451,0.74984,0.75005,1.00,1.00
2014.11.11 10:17:15.603,0.74987,0.75007,1.00,1.00
2014.11.11 10:17:15.703,0.74988,0.7501,1.00,1.00
2014.11.11 10:17:15.804,0.74988,0.75008,1.12,1.00
2014.11.11 10:17:15.905,0.74985,0.75007,1.50,1.00
2014.11.11 10:17:16.006,0.74989,0.75011,1.00,1.00
2014.11.11 10:17:16.508,0.74988,0.7501,1.00,1.00
2014.11.11 10:17:16.810,0.74988,0.75008,1.00,1.00
2014.11.11 10:17:17.158,0.74986,0.75006,1.00,1.00
2014.11.11 10:17:17.678,0.74985,0.75007,1.00,1.00
2014.11.11 10:17:18.199,0.74987,0.75007,1.00,1.00
2014.11.11 10:17:18.350,0.74987,0.75009,1.00,1.00
2014.11.11 10:17:18.459,0.74987,0.75007,1.00,1.00
2014.11.11 10:17:18.638,0.74987,0.75009,1.00,1.00
2014.11.11 10:17:18.975,0.74989,0.75011,1.00,1.50
2014.11.11 10:17:19.848,0.7499,0.75012,1.00,1.00
2014.11.11 10:17:21.976,0.7499,0.75011,1.00,1.00
2014.11.11 10:17:22.508,0.7499,0.75012,1.00,1.00
2014.11.11 10:17:31.730,0.74993,0.75013,1.00,1.00
2014.11.11 10:17:31.888,0.74993,0.75015,1.00,1.00
2014.11.11 10:17:32.387,0.74991,0.75013,1.00,1.00
2014.11.11 10:17:34.260,0.74994,0.75015,1.00,1.00
2014.11.11 10:17:35.136,0.74993,0.75013,1.00,1.00
2014.11.11 10:17:39.789,0.74994,0.75016,1.00,1.00
2014.11.11 10:17:40.121,0.74989,0.75011,1.12,1.00
2014.11.11 10:17:40.574,0.74991,0.75013,1.00,1.00
2014.11.11 10:17:41.407,0.74988,0.7501,1.12,1.00
2014.11.11 10:17:41.783,0.74991,0.75011,1.00,1.00
2014.11.11 10:17:48.270,0.74989,0.75011,1.00,1.00
2014.11.11 10:17:48.996,0.74987,0.75009,1.50,1.00
2014.11.11 10:17:49.379,0.7499,0.75012,1.00,1.00
2014.11.11 10:17:55.890,0.74991,0.75012,1.00,1.00
2014.11.11 10:17:56.159,0.74994,0.75016,1.00,1.00
2014.11.11 10:17:58.494,0.74996,0.75016,1.00,1.00
2014.11.11 10:17:58.595,0.74993,0.75014,1.00,1.00
2014.11.11 10:17:58.696,0.74991,0.75011,1.37,1.00
2014.11.11 10:17:59.222,0.74991,0.75011,1.37,1.00
2014.11.11 10:18:00.506,0.74991,0.75011,1.37,1.00
2014.11.11 10:18:00.557,0.74992,0.75013,1.37,1.00
2014.11.11 10:18:00.657,0.74991,0.75013,1.87,1.00
2014.11.11 10:18:01.573,0.7499,0.75012,1.12,1.00
2014.11.11 10:18:03.806,0.7499,0.75012,1.37,1.00
2014.11.11 10:18:04.313,0.74989,0.75011,1.87,1.00
2014.11.11 10:18:04.363,0.74989,0.75011,1.87,1.00
2014.11.11 10:18:04.638,0.74993,0.75013,1.00,1.00
2014.11.11 10:18:04.738,0.74991,0.75013,1.00,1.00
2014.11.11 10:18:05.620,0.74994,0.75014,1.00,1.00
2014.11.11 10:18:05.975,0.74992,0.75014,1.00,1.00
2014.11.11 10:18:07.697,0.74992,0.75012,1.00,1.00
2014.11.11 10:18:09.041,0.74992,0.75014,1.00,1.00
2014.11.11 10:18:09.142,0.74989,0.75011,1.12,1.00
2014.11.11 10:18:09.444,0.74987,0.75009,1.00,1.00
2014.11.11 10:18:10.017,0.74986,0.75008,1.12,1.00
2014.11.11 10:18:10.523,0.74987,0.75009,1.00,1.00
2014.11.11 10:18:10.841,0.74991,0.75013,1.00,1.00
2014.11.11 10:18:11.297,0.74994,0.75014,1.00,1.00
2014.11.11 10:18:15.959,0.74994,0.75014,1.37,1.00
2014.11.11 10:18:16.060,0.74994,0.75016,1.37,1.00
2014.11.11 10:18:16.453,0.74997,0.75017,1.37,1.00
2014.11.11 10:18:16.654,0.74999,0.7502,1.00,1.00
2014.11.11 10:18:16.755,0.75,0.75022,1.00,1.00
2014.11.11 10:18:17.269,0.74999,0.75022,1.00,1.00
2014.11.11 10:18:17.604,0.74997,0.75019,1.00,1.00
2014.11.11 10:18:18.167,0.74996,0.75019,1.87,1.00
2014.11.11 10:18:18.513,0.74999,0.7502,1.00,1.00
2014.11.11 10:18:19.366,0.74998,0.75019,1.00,1.00
2014.11.11 10:18:28.747,0.74999,0.75019,1.00,1.00
2014.11.11 10:18:28.847,0.75,0.75021,1.00,1.00
2014.11.11 10:18:28.948,0.75001,0.75024,1.00,1.00
2014.11.11 10:18:38.651,0.75001,0.75024,1.87,1.00
2014.11.11 10:18:38.971,0.75002,0.75022,1.00,1.00
2014.11.11 10:18:39.072,0.75,0.75022,1.50,1.00
2014.11.11 10:18:39.966,0.74999,0.75021,1.00,1.00
2014.11.11 10:18:40.167,0.74997,0.7502,1.12,1.00
2014.11.11 10:18:40.757,0.74998,0.75021,1.12,1.00
2014.11.11 10:18:40.807,0.75,0.75022,1.00,1.00
2014.11.11 10:18:41.743,0.75,0.75022,1.87,1.00
2014.11.11 10:18:42.498,0.75,0.75022,1.87,1.00
2014.11.11 10:18:42.599,0.75003,0.75028,1.37,1.00
2014.11.11 10:18:42.970,0.75002,0.7503,1.87,1.50
2014.11.11 10:18:43.541,0.75003,0.7503,1.12,1.00
2014.11.11 10:18:48.951,0.75003,0.7503,1.00,1.37
2014.11.11 10:18:49.455,0.75003,0.7503,1.12,1.00
2014.11.11 10:18:50.316,0.75004,0.7503,1.00,1.00
2014.11.11 10:18:50.367,0.75004,0.7503,1.37,1.00
2014.11.11 10:18:51.109,0.75004,0.7503,1.37,1.00
2014.11.11 10:18:52.176,0.75004,0.7503,1.37,1.00
2014.11.11 10:18:52.276,0.75005,0.75032,1.37,1.00
2014.11.11 10:18:52.845,0.75006,0.75033,1.37,1.00
2014.11.11 10:18:53.292,0.75006,0.75033,1.12,1.12
2014.11.11 10:18:53.393,0.75006,0.7503,1.12,1.00
2014.11.11 10:18:53.897,0.75004,0.7503,1.87,1.00
2014.11.11 10:18:54.906,0.75006,0.75032,1.00,1.00
2014.11.11 10:18:55.816,0.75006,0.75032,1.00,1.87
2014.11.11 10:18:56.130,0.75002,0.75024,1.00,1.00
2014.11.11 10:18:56.649,0.75003,0.75024,1.00,1.00
2014.11.11 10:18:57.001,0.75004,0.75026,1.00,1.00
2014.11.11 10:18:57.102,0.75006,0.75026,1.00,1.00
2014.11.11 10:18:57.243,0.75003,0.75025,1.00,1.00
2014.11.11 10:18:57.448,0.75001,0.75023,1.00,1.00
2014.11.11 10:18:58.185,0.74999,0.75021,1.00,1.00
2014.11.11 10:18:58.534,0.75002,0.75022,1.00,1.00
2014.11.11 10:18:59.091,0.75002,0.75024,1.00,1.00
2014.11.11 10:19:01.597,0.75002,0.75022,1.00,1.00
2014.11.11 10:19:02.360,0.75002,0.75022,1.37,1.00
2014.11.11 10:19:02.483,0.75004,0.75024,1.00,1.00
2014.11.11 10:19:03.139,0.75003,0.75023,1.12,1.00
2014.11.11 10:19:07.205,0.75004,0.75024,1.00,1.00
2014.11.11 10:19:09.955,0.75002,0.75024,1.12,1.00
2014.11.11 10:19:10.065,0.75004,0.75024,1.00,1.00
2014.11.11 10:19:10.879,0.75006,0.75028,1.00,1.00
2014.11.11 10:19:12.925,0.75005,0.75025,1.00,1.00
2014.11.11 10:19:13.413,0.75002,0.75024,1.00,1.00
2014.11.11 10:19:13.949,0.75003,0.75025,1.00,1.00
2014.11.11 10:19:16.033,0.75001,0.75023,1.00,1.00
2014.11.11 10:19:17.929,0.75001,0.75023,1.37,1.00
2014.11.11 10:19:18.125,0.75003,0.75025,1.00,1.00
2014.11.11 10:19:22.458,0.75003,0.75025,1.37,1.00
2014.11.11 10:19:22.705,0.75002,0.75024,1.00,1.00
2014.11.11 10:19:22.828,0.75002,0.75022,1.00,1.00
2014.11.11 10:19:23.331,0.75001,0.75023,1.00,1.00
2014.11.11 10:19:23.968,0.75,0.75022,1.00,1.00
2014.11.11 10:19:27.356,0.75,0.7502,1.00,1.00
2014.11.11 10:19:28.145,0.75001,0.75021,1.00,1.00
2014.11.11 10:19:28.246,0.75002,0.75024,1.00,1.00
2014.11.11 10:19:35.507,0.75,0.75022,1.00,1.00
2014.11.11 10:19:35.856,0.75002,0.75022,1.00,1.00
2014.11.11 10:19:37.241,0.75003,0.75023,1.00,1.00
2014.11.11 10:19:40.900,0.75004,0.75024,1.00,1.00
2014.11.11 10:19:41.486,0.75005,0.75025,1.00,1.00
2014.11.11 10:19:45.044,0.75002,0.75024,1.00,1.00
2014.11.11 10:19:45.296,0.75002,0.75022,1.00,1.00
2014.11.11 10:19:46.399,0.75001,0.75021,1.00,1.00
2014.11.11 10:19:46.905,0.75,0.7502,1.00,1.00
2014.11.11 10:19:46.955,0.74995,0.75017,1.50,1.00
2014.11.11 10:19:47.496,0.74995,0.75016,1.00,1.00
2014.11.11 10:19:48.066,0.74995,0.75015,1.00,1.00
2014.11.11 10:19:56.415,0.74995,0.75017,1.50,1.00
2014.11.11 10:19:59.479,0.74997,0.75017,1.00,1.00
2014.11.11 10:19:59.596,0.74999,0.75021,1.00,1.00
2014.11.11 10:20:00.145,0.74999,0.75019,1.00,1.00
2014.11.11 10:20:00.703,0.74997,0.75019,1.00,1.00
2014.11.11 10:20:00.803,0.74995,0.75017,1.50,1.00
2014.11.11 10:20:01.256,0.74992,0.75012,1.00,1.00
2014.11.11 10:20:01.629,0.7499,0.7501,1.00,1.00
2014.11.11 10:20:20.376,0.74992,0.75015,1.00,1.37
2014.11.11 10:20:20.766,0.74993,0.75015,1.00,1.37
2014.11.11 10:20:20.917,0.74992,0.75011,1.00,1.00
2014.11.11 10:20:21.018,0.74987,0.75008,1.00,1.00
2014.11.11 10:20:21.170,0.74985,0.75007,1.00,1.12
2014.11.11 10:20:21.695,0.74985,0.75007,1.00,1.37
2014.11.11 10:20:21.919,0.74987,0.7501,1.00,1.37
2014.11.11 10:20:23.215,0.74986,0.7501,1.00,1.87
2014.11.11 10:20:23.266,0.74986,0.7501,1.00,1.87
2014.11.11 10:20:24.975,0.74987,0.7501,1.00,1.37
2014.11.11 10:20:25.935,0.74987,0.7501,1.00,1.37
2014.11.11 10:20:26.219,0.74987,0.7501,1.00,1.37
2014.11.11 10:20:26.726,0.74988,0.75009,1.00,1.37
2014.11.11 10:20:27.388,0.74988,0.75009,1.00,1.12
2014.11.11 10:20:30.101,0.74988,0.75009,1.00,1.37
2014.11.11 10:20:30.303,0.74986,0.75008,1.00,1.37
2014.11.11 10:20:30.353,0.74986,0.75008,1.00,1.37
2014.11.11 10:20:30.647,0.74986,0.75007,1.00,1.12
2014.11.11 10:20:30.748,0.74985,0.75009,1.00,1.87
2014.11.11 10:20:30.849,0.7499,0.75012,1.00,1.87
2014.11.11 10:20:31.176,0.74992,0.75015,1.00,2.25
2014.11.11 10:20:31.227,0.74992,0.75015,1.00,1.50
2014.11.11 10:20:32.748,0.74992,0.75015,1.00,1.87
2014.11.11 10:20:33.043,0.7499,0.75011,1.00,1.12
2014.11.11 10:20:33.268,0.74993,0.75013,1.00,1.37
2014.11.11 10:20:33.584,0.74991,0.75013,1.00,1.37
2014.11.11 10:20:33.685,0.74993,0.75015,1.00,1.37
2014.11.11 10:20:33.741,0.74993,0.75015,1.00,1.37
2014.11.11 10:20:34.043,0.74996,0.75015,1.00,1.37
2014.11.11 10:20:34.194,0.74999,0.75019,1.00,1.00
2014.11.11 10:20:34.567,0.75001,0.7502,1.00,1.00
2014.11.11 10:20:34.668,0.75001,0.75022,1.00,1.00
2014.11.11 10:20:34.899,0.75,0.75021,1.00,1.75
2014.11.11 10:20:35.655,0.75,0.75021,1.00,1.87
2014.11.11 10:20:35.905,0.74998,0.75021,1.00,1.87
2014.11.11 10:20:36.005,0.74997,0.75017,1.00,1.37
2014.11.11 10:20:36.386,0.74994,0.75017,1.00,1.75
2014.11.11 10:20:36.737,0.74993,0.75016,1.00,1.75
2014.11.11 10:20:36.888,0.74991,0.75014,1.00,1.50
2014.11.11 10:20:36.988,0.74993,0.75014,1.00,1.50
2014.11.11 10:20:39.569,0.74993,0.75014,1.00,1.87
2014.11.11 10:20:40.096,0.74993,0.75014,1.00,1.87
2014.11.11 10:20:40.197,0.74989,0.75012,1.00,1.37
2014.11.11 10:20:40.399,0.74989,0.7501,1.00,1.37
2014.11.11 10:20:40.717,0.74986,0.75008,1.00,1.37
2014.11.11 10:20:40.969,0.74983,0.75006,1.00,1.37
2014.11.11 10:20:41.070,0.74985,0.75008,1.00,1.37
2014.11.11 10:20:41.772,0.74986,0.75009,1.00,2.25
2014.11.11 10:20:43.305,0.74986,0.75009,1.00,1.37
2014.11.11 10:20:44.183,0.74986,0.75009,1.00,1.37
2014.11.11 10:20:45.287,0.74986,0.75009,1.00,1.37
2014.11.11 10:20:45.595,0.74986,0.75007,1.00,1.37
2014.11.11 10:20:48.184,0.74985,0.75008,1.00,1.37
2014.11.11 10:20:48.595,0.74985,0.75008,1.00,1.37
2014.11.11 10:20:48.752,0.74988,0.7501,1.00,1.37
2014.11.11 10:20:49.516,0.74989,0.7501,1.00,1.37
2014.11.11 10:20:50.045,0.7499,0.75013,1.00,1.37
2014.11.11 10:20:50.576,0.74991,0.75014,1.00,1.87
2014.11.11 10:20:52.106,0.74991,0.75014,1.00,2.25
2014.11.11 10:20:52.257,0.74988,0.75011,1.00,1.37
2014.11.11 10:20:53.375,0.74989,0.75012,1.00,1.87
2014.11.11 10:20:56.515,0.74989,0.75012,1.00,1.87
2014.11.11 10:20:57.065,0.74988,0.75011,1.00,1.37
2014.11.11 10:21:00.022,0.74988,0.75011,1.00,1.37
2014.11.11 10:21:00.423,0.74988,0.75011,1.00,1.37
2014.11.11 10:21:10.878,0.74988,0.75011,1.00,1.37
2014.11.11 10:21:12.854,0.74988,0.75011,1.00,1.37
2014.11.11 10:21:13.374,0.74989,0.75012,1.00,1.37
2014.11.11 10:21:14.862,0.74989,0.75012,1.00,1.12
2014.11.11 10:21:15.404,0.74988,0.75011,1.00,1.00
2014.11.11 10:21:16.454,0.74987,0.7501,1.00,1.12
2014.11.11 10:21:16.585,0.74985,0.75008,1.00,1.00
2014.11.11 10:21:17.128,0.74989,0.75012,1.00,1.00
2014.11.11 10:21:17.479,0.74991,0.75014,1.00,1.37
2014.11.11 10:21:19.549,0.7499,0.75013,1.00,1.12
2014.11.11 10:21:20.299,0.74989,0.75012,1.00,1.00
2014.11.11 10:21:20.780,0.74993,0.75014,1.00,1.37
2014.11.11 10:21:21.311,0.74993,0.75014,1.00,1.37
2014.11.11 10:21:23.229,0.74993,0.75014,1.00,2.62
2014.11.11 10:21:26.443,0.74993,0.75014,1.00,2.62
2014.11.11 10:21:28.883,0.74992,0.75015,1.00,1.87
2014.11.11 10:21:33.395,0.74992,0.75015,1.00,2.25
2014.11.11 10:21:33.647,0.74987,0.7501,1.00,1.37
2014.11.11 10:21:34.117,0.74987,0.75008,1.00,1.37
2014.11.11 10:21:34.167,0.74984,0.75007,1.00,1.37
2014.11.11 10:21:34.673,0.74985,0.75007,1.00,1.37
2014.11.11 10:21:34.868,0.74987,0.75007,1.00,1.00
2014.11.11 10:21:35.705,0.74985,0.75007,1.00,1.00
2014.11.11 10:21:39.144,0.74983,0.75005,1.00,1.00
2014.11.11 10:21:39.554,0.74985,0.75005,1.00,1.00
2014.11.11 10:21:40.357,0.74987,0.75007,1.00,1.00
2014.11.11 10:21:40.559,0.74988,0.7501,1.00,1.12
2014.11.11 10:21:40.919,0.74985,0.75007,1.00,1.00
2014.11.11 10:21:41.433,0.74984,0.75006,1.00,1.00
2014.11.11 10:21:42.119,0.74983,0.75005,1.00,1.00
2014.11.11 10:21:42.983,0.74984,0.75006,1.00,1.12
2014.11.11 10:21:43.326,0.74983,0.75005,1.00,1.37
2014.11.11 10:21:43.528,0.74981,0.75003,1.00,1.37
2014.11.11 10:21:43.779,0.74984,0.75004,1.00,1.00
2014.11.11 10:21:43.880,0.74984,0.75006,1.00,1.12
2014.11.11 10:21:43.981,0.74984,0.75006,1.00,1.37
2014.11.11 10:21:44.182,0.74985,0.75007,1.00,1.37
2014.11.11 10:21:44.299,0.74987,0.75007,1.00,1.37
2014.11.11 10:21:44.400,0.74987,0.75007,1.00,1.12
2014.11.11 10:21:44.915,0.74987,0.75009,1.00,1.35
2014.11.11 10:21:45.395,0.7499,0.7501,1.00,1.12
2014.11.11 10:21:45.681,0.7499,0.75012,1.00,1.00
2014.11.11 10:21:45.731,0.74993,0.75013,1.00,1.12
2014.11.11 10:21:45.933,0.74993,0.75015,1.00,1.12
2014.11.11 10:21:45.983,0.74993,0.75013,1.00,1.00
2014.11.11 10:21:46.604,0.74993,0.75013,1.00,1.37
2014.11.11 10:21:47.374,0.74992,0.75012,1.00,1.12
2014.11.11 10:21:47.898,0.74992,0.75012,1.00,1.37
2014.11.11 10:21:48.220,0.74992,0.75012,1.00,1.37
2014.11.11 10:21:48.621,0.74992,0.75012,1.00,1.37
2014.11.11 10:21:48.822,0.74994,0.75014,1.00,1.37
2014.11.11 10:21:49.040,0.74989,0.75011,1.00,1.37
2014.11.11 10:21:49.140,0.74989,0.75011,1.00,1.37
2014.11.11 10:21:50.114,0.74987,0.75009,1.00,1.37
2014.11.11 10:21:51.433,0.74987,0.75009,1.00,1.37
2014.11.11 10:21:52.486,0.74987,0.75009,1.00,1.00
2014.11.11 10:21:52.536,0.74989,0.75009,1.00,1.00
2014.11.11 10:21:53.134,0.7499,0.7501,1.00,1.00
2014.11.11 10:21:55.059,0.7499,0.7501,1.00,1.37
2014.11.11 10:21:55.109,0.74988,0.75008,1.00,1.00
2014.11.11 10:21:55.415,0.74986,0.75006,1.00,1.00
2014.11.11 10:21:59.364,0.74985,0.75005,1.00,1.00
2014.11.11 10:22:04.964,0.74983,0.75005,1.00,1.00
2014.11.11 10:22:06.097,0.74984,0.75006,1.00,1.00
2014.11.11 10:22:07.273,0.74983,0.75005,1.00,1.00
2014.11.11 10:22:08.624,0.74984,0.75006,1.00,1.00
2014.11.11 10:22:11.015,0.74983,0.75005,1.00,1.00
2014.11.11 10:22:11.491,0.74985,0.75007,1.00,1.00
2014.11.11 10:22:11.796,0.74988,0.7501,1.00,1.37
2014.11.11 10:22:12.522,0.74988,0.7501,1.00,1.00
2014.11.11 10:22:14.235,0.74985,0.75007,1.00,1.00
2014.11.11 10:22:14.552,0.74987,0.75009,1.00,1.00
2014.11.11 10:22:24.765,0.7499,0.7501,1.00,1.00
2014.11.11 10:22:25.323,0.74989,0.75011,1.50,1.00
2014.11.11 10:22:35.833,0.74989,0.75011,1.50,1.37
2014.11.11 10:22:36.473,0.7499,0.7501,1.00,1.00
2014.11.11 10:22:36.675,0.74992,0.75014,1.00,1.00
2014.11.11 10:22:36.775,0.74995,0.75015,1.00,1.00
2014.11.11 10:22:36.899,0.74996,0.75018,1.00,1.00
2014.11.11 10:22:37.428,0.74998,0.75018,1.00,1.00
2014.11.11 10:22:37.529,0.74999,0.75021,1.00,1.35
2014.11.11 10:22:37.893,0.75001,0.75023,1.00,1.12
2014.11.11 10:22:42.611,0.75,0.75022,1.00,1.00
2014.11.11 10:22:42.919,0.75002,0.75022,1.00,1.00
2014.11.11 10:22:43.070,0.74999,0.75021,1.00,1.00
2014.11.11 10:22:43.171,0.74996,0.75018,1.00,1.00
2014.11.11 10:22:43.271,0.74992,0.75015,1.00,1.00
2014.11.11 10:22:43.372,0.74992,0.75013,1.00,1.00
2014.11.11 10:22:43.724,0.74987,0.7501,1.00,1.00
2014.11.11 10:22:44.251,0.74988,0.7501,1.00,1.00
2014.11.11 10:22:44.773,0.74989,0.75011,1.00,1.00
2014.11.11 10:22:44.925,0.74993,0.75015,1.00,1.00
2014.11.11 10:22:46.323,0.74992,0.75014,1.00,1.00
2014.11.11 10:22:47.203,0.74992,0.75012,1.00,1.00
2014.11.11 10:22:55.060,0.74991,0.75013,1.00,1.00
2014.11.11 10:22:55.997,0.74992,0.75014,1.00,1.00
2014.11.11 10:22:56.668,0.74993,0.75015,1.00,1.00
2014.11.11 10:23:00.846,0.74991,0.75013,1.00,1.00
2014.11.11 10:23:01.521,0.74993,0.75015,1.00,1.00
2014.11.11 10:23:07.483,0.74992,0.75014,1.00,1.00
2014.11.11 10:23:08.002,0.74991,0.75013,1.00,1.00
2014.11.11 10:23:08.506,0.74992,0.75014,1.00,1.00
2014.11.11 10:23:08.872,0.74994,0.75014,1.00,1.00
2014.11.11 10:23:09.212,0.74994,0.75016,1.00,1.00
2014.11.11 10:23:09.574,0.74994,0.75014,1.00,1.00
2014.11.11 10:23:09.675,0.74992,0.75014,1.00,1.00
2014.11.11 10:23:14.182,0.74994,0.75014,1.00,1.00
2014.11.11 10:23:16.133,0.74993,0.75015,1.00,1.00
2014.11.11 10:23:18.991,0.74992,0.75014,1.00,1.00
2014.11.11 10:23:34.804,0.74993,0.75015,1.00,1.00
2014.11.11 10:23:35.106,0.7499,0.75012,1.00,1.00
2014.11.11 10:23:35.628,0.7499,0.75011,1.00,1.00
2014.11.11 10:23:37.542,0.7499,0.75012,1.00,1.00
2014.11.11 10:23:38.659,0.74991,0.75013,1.00,1.00
2014.11.11 10:23:48.433,0.74993,0.75015,1.00,1.00
2014.11.11 10:23:51.671,0.74991,0.75013,1.00,1.00
2014.11.11 10:24:04.098,0.74991,0.75013,1.00,1.37
2014.11.11 10:24:04.382,0.74988,0.7501,1.00,1.00
2014.11.11 10:24:17.710,0.74989,0.75011,1.00,1.00
2014.11.11 10:24:18.571,0.7499,0.75012,1.00,1.00
2014.11.11 10:24:19.087,0.7499,0.75011,1.00,1.50
2014.11.11 10:24:19.138,0.74988,0.75011,1.00,1.50
2014.11.11 10:24:19.238,0.74989,0.75009,1.00,1.00
2014.11.11 10:24:19.680,0.74987,0.75007,1.00,1.00
2014.11.11 10:24:20.295,0.74987,0.75007,1.00,1.37
2014.11.11 10:24:20.345,0.74985,0.75007,1.00,1.37
2014.11.11 10:24:20.396,0.74985,0.75007,1.00,1.12
2014.11.11 10:24:20.496,0.74982,0.75005,1.00,1.00
2014.11.11 10:24:21.351,0.74984,0.75006,1.00,1.12
2014.11.11 10:24:21.805,0.74986,0.75008,1.00,1.00
2014.11.11 10:24:26.050,0.74988,0.75008,1.00,1.00
2014.11.11 10:24:26.850,0.74989,0.75011,1.00,1.12
2014.11.11 10:24:27.052,0.74988,0.75008,1.00,1.00
2014.11.11 10:24:27.152,0.74989,0.75011,1.00,1.00
2014.11.11 10:24:27.304,0.74991,0.75011,1.00,1.00
2014.11.11 10:24:27.605,0.74991,0.75013,1.00,1.00
2014.11.11 10:24:29.133,0.74992,0.75014,1.00,1.00
2014.11.11 10:24:29.902,0.74991,0.75013,1.12,1.00
2014.11.11 10:24:30.155,0.74991,0.75011,1.00,1.00
2014.11.11 10:24:30.493,0.74993,0.75013,1.00,1.00
2014.11.11 10:24:31.369,0.74994,0.75013,1.00,1.00
2014.11.11 10:24:31.660,0.74994,0.75016,1.50,1.00
2014.11.11 10:24:31.862,0.74995,0.75016,1.37,1.00
2014.11.11 10:24:32.353,0.74997,0.75019,1.12,1.00
2014.11.11 10:24:32.663,0.75001,0.75023,1.00,1.00
2014.11.11 10:24:33.011,0.75001,0.75021,1.00,1.00
2014.11.11 10:24:35.952,0.75,0.75022,1.00,1.00
2014.11.11 10:24:36.791,0.75001,0.75021,1.00,1.00
2014.11.11 10:24:37.653,0.75003,0.75025,1.00,1.00
2014.11.11 10:24:37.703,0.75005,0.75025,1.00,1.00
2014.11.11 10:24:37.754,0.7501,0.75032,1.00,1.87
2014.11.11 10:24:39.370,0.7501,0.75032,1.00,1.87
2014.11.11 10:24:41.009,0.75009,0.75031,1.00,1.00
2014.11.11 10:24:42.885,0.7501,0.75032,1.87,1.00
2014.11.11 10:24:43.013,0.75012,0.75035,1.00,1.00
2014.11.11 10:24:43.330,0.75014,0.75035,1.00,1.00
2014.11.11 10:24:44.183,0.75015,0.75038,1.00,1.37
2014.11.11 10:24:45.086,0.75015,0.75038,1.00,1.37
2014.11.11 10:24:48.796,0.75015,0.75038,1.00,1.00
2014.11.11 10:24:51.404,0.75015,0.75038,1.00,1.37
2014.11.11 10:24:51.715,0.75015,0.75038,1.00,1.00
2014.11.11 10:24:51.816,0.75017,0.75038,1.00,1.00
2014.11.11 10:24:52.258,0.75015,0.75038,1.00,1.37
2014.11.11 10:24:52.459,0.75013,0.75036,1.00,1.00
2014.11.11 10:24:52.711,0.75015,0.75038,1.00,1.00
2014.11.11 10:24:56.743,0.75016,0.75039,1.00,1.37
2014.11.11 10:24:57.260,0.75016,0.75039,1.00,1.00
2014.11.11 10:24:57.562,0.75021,0.75044,1.00,1.00
2014.11.11 10:24:57.864,0.75023,0.75046,1.00,1.00
2014.11.11 10:24:59.526,0.75025,0.75046,1.00,1.00
2014.11.11 10:24:59.627,0.75027,0.7505,1.00,1.50
2014.11.11 10:24:59.727,0.75025,0.75048,1.00,1.00
2014.11.11 10:25:00.230,0.75024,0.75047,1.00,1.12
2014.11.11 10:25:01.032,0.75023,0.75046,1.00,1.12
2014.11.11 10:25:01.412,0.75019,0.75041,1.00,1.00
2014.11.11 10:25:01.742,0.7502,0.75043,1.00,1.00
2014.11.11 10:25:02.541,0.75021,0.75044,1.00,1.00
2014.11.11 10:25:07.637,0.75021,0.75042,1.12,1.00
2014.11.11 10:25:07.989,0.75019,0.7504,1.87,1.00
2014.11.11 10:25:09.467,0.75019,0.7504,1.37,1.00
2014.11.11 10:25:09.993,0.75017,0.7504,1.37,1.00
2014.11.11 10:25:10.608,0.75022,0.75043,1.00,1.00
2014.11.11 10:25:11.703,0.75021,0.75044,1.12,1.00
2014.11.11 10:25:21.540,0.75022,0.75043,1.00,1.00
2014.11.11 10:25:22.043,0.75023,0.75045,1.00,1.00
2014.11.11 10:25:22.587,0.75024,0.75044,1.00,1.00
2014.11.11 10:25:26.358,0.75024,0.75046,1.00,1.00
2014.11.11 10:25:26.559,0.75026,0.75048,1.00,1.50
2014.11.11 10:25:27.032,0.75026,0.75046,1.00,1.00
2014.11.11 10:25:27.536,0.75025,0.75047,1.00,1.00
2014.11.11 10:25:29.452,0.75026,0.75048,1.00,1.12
2014.11.11 10:25:30.950,0.75026,0.75046,1.00,1.00
2014.11.11 10:25:32.601,0.75027,0.75047,1.00,1.00
2014.11.11 10:25:36.310,0.75029,0.75047,1.00,1.00
2014.11.11 10:25:36.361,0.75029,0.7505,1.00,1.00
2014.11.11 10:25:36.462,0.75033,0.75053,1.00,1.00
2014.11.11 10:25:36.814,0.75028,0.75049,1.00,1.00
2014.11.11 10:25:37.321,0.75027,0.75049,1.00,1.00
2014.11.11 10:25:38.188,0.75027,0.75049,1.37,1.00
2014.11.11 10:25:40.597,0.75027,0.75049,1.37,1.00
2014.11.11 10:25:40.647,0.7503,0.75052,1.12,1.00
2014.11.11 10:25:40.698,0.7503,0.75052,1.37,1.00
2014.11.11 10:25:40.749,0.75032,0.75054,1.37,1.00
2014.11.11 10:25:41.317,0.75033,0.75056,1.12,1.00
2014.11.11 10:25:41.418,0.75033,0.75056,1.37,1.00
2014.11.11 10:25:43.507,0.75033,0.75056,1.37,1.00
2014.11.11 10:25:43.789,0.75037,0.75059,1.00,1.00
2014.11.11 10:25:44.840,0.75038,0.7506,1.00,1.00
2014.11.11 10:25:44.941,0.75038,0.7506,1.37,1.00
2014.11.11 10:25:45.488,0.75039,0.75061,1.12,1.00
2014.11.11 10:25:47.486,0.75036,0.75058,1.00,1.00
2014.11.11 10:25:47.794,0.75036,0.75056,1.00,1.00
2014.11.11 10:25:48.461,0.75036,0.75058,1.00,1.00
2014.11.11 10:25:48.662,0.75034,0.75054,1.00,1.00
2014.11.11 10:25:50.202,0.75033,0.75053,1.00,1.00
2014.11.11 10:25:50.554,0.75029,0.75051,1.00,1.00
2014.11.11 10:25:51.073,0.75029,0.7505,1.00,1.00
2014.11.11 10:25:51.591,0.75028,0.7505,1.00,1.00
2014.11.11 10:25:55.671,0.7503,0.7505,1.00,1.00
2014.11.11 10:25:56.221,0.75028,0.7505,1.12,1.00
2014.11.11 10:25:56.998,0.7503,0.7505,1.00,1.00
2014.11.11 10:25:58.090,0.75028,0.7505,1.12,1.00
2014.11.11 10:25:58.241,0.75028,0.7505,1.37,1.00
2014.11.11 10:25:58.587,0.75031,0.75053,1.12,1.00
2014.11.11 10:25:58.907,0.75031,0.75051,1.12,1.00
2014.11.11 10:25:59.159,0.75029,0.75051,1.50,1.00
2014.11.11 10:25:59.462,0.7503,0.75051,1.87,1.00
2014.11.11 10:25:59.563,0.75033,0.75055,1.12,1.00
2014.11.11 10:25:59.915,0.75031,0.75053,3.37,1.00
2014.11.11 10:26:00.676,0.75029,0.75051,1.50,1.00
2014.11.11 10:26:00.999,0.75028,0.75048,2.62,1.00
2014.11.11 10:26:01.778,0.75028,0.7505,1.37,1.00
2014.11.11 10:26:01.883,0.7503,0.75052,1.37,1.00
2014.11.11 10:26:02.085,0.75032,0.75054,1.12,1.00
2014.11.11 10:26:02.236,0.7503,0.7505,1.00,1.00
2014.11.11 10:26:02.823,0.75028,0.7505,1.37,1.00
2014.11.11 10:26:03.590,0.75028,0.7505,1.00,1.00
2014.11.11 10:26:05.951,0.7503,0.7505,1.00,1.00
2014.11.11 10:26:06.499,0.7503,0.75049,1.00,1.00
2014.11.11 10:26:07.030,0.7503,0.7505,1.00,1.00
2014.11.11 10:26:07.148,0.7503,0.75052,1.50,1.00
2014.11.11 10:26:08.477,0.7503,0.75051,1.00,1.00
2014.11.11 10:26:08.679,0.75028,0.7505,1.00,1.00
2014.11.11 10:26:09.691,0.75031,0.75052,1.87,1.00
2014.11.11 10:26:09.801,0.75034,0.75054,1.00,1.00
2014.11.11 10:26:09.902,0.75035,0.75057,1.00,1.00
2014.11.11 10:26:10.550,0.75039,0.75059,1.00,1.00
2014.11.11 10:26:14.950,0.75039,0.75061,1.00,1.12
2014.11.11 10:26:15.737,0.75038,0.75058,1.00,1.00
2014.11.11 10:26:30.021,0.75038,0.7506,1.00,1.00
2014.11.11 10:26:31.471,0.75039,0.75061,1.12,1.00
2014.11.11 10:26:31.691,0.75043,0.75065,1.00,1.00
2014.11.11 10:26:32.131,0.75045,0.75065,1.00,1.00
2014.11.11 10:26:32.433,0.75047,0.75067,1.00,1.00
2014.11.11 10:26:32.483,0.75044,0.75065,1.00,1.00
2014.11.11 10:26:32.682,0.75046,0.75068,1.00,1.00
2014.11.11 10:26:32.782,0.75048,0.75068,1.00,1.00
2014.11.11 10:26:32.883,0.75048,0.7507,1.00,1.00
2014.11.11 10:26:37.388,0.75048,0.75068,1.00,1.00
2014.11.11 10:26:38.722,0.75045,0.75065,1.00,1.00
2014.11.11 10:26:39.030,0.75043,0.75063,1.00,1.00
2014.11.11 10:26:39.151,0.75043,0.75065,1.00,1.00
2014.11.11 10:26:46.081,0.75042,0.75064,1.00,1.00
2014.11.11 10:26:48.215,0.75041,0.75063,1.00,1.00
2014.11.11 10:26:48.643,0.75043,0.75063,1.00,1.00
2014.11.11 10:26:52.070,0.75041,0.75063,1.00,1.00
2014.11.11 10:26:52.348,0.75039,0.75061,1.50,1.00
2014.11.11 10:26:53.070,0.7504,0.75061,1.00,1.00
2014.11.11 10:26:54.157,0.7504,0.7506,1.00,1.00
2014.11.11 10:26:54.658,0.7504,0.75058,1.00,1.00
2014.11.11 10:26:56.820,0.75038,0.75058,1.00,1.00
2014.11.11 10:26:57.481,0.75039,0.75058,1.00,1.00
2014.11.11 10:27:00.998,0.75038,0.75058,1.00,1.00
2014.11.11 10:27:01.258,0.75038,0.7506,1.00,1.00
2014.11.11 10:27:02.044,0.75038,0.75058,1.12,1.00
2014.11.11 10:27:02.250,0.75036,0.75058,1.00,1.00
2014.11.11 10:27:02.869,0.75035,0.75057,1.87,1.00
2014.11.11 10:27:07.198,0.75034,0.75056,1.50,1.00
2014.11.11 10:27:07.540,0.75034,0.75052,1.00,1.00
2014.11.11 10:27:07.641,0.7503,0.75052,1.12,1.00
2014.11.11 10:27:08.168,0.75029,0.75051,1.87,1.00
2014.11.11 10:27:08.527,0.75032,0.75052,1.00,1.00
2014.11.11 10:27:08.679,0.7503,0.75052,1.00,1.00
2014.11.11 10:27:09.255,0.75029,0.75051,1.50,1.00
2014.11.11 10:27:09.766,0.7503,0.75052,1.00,1.00
2014.11.11 10:27:09.867,0.75032,0.75054,1.00,1.00
2014.11.11 10:27:10.168,0.75034,0.75054,1.00,1.00
2014.11.11 10:27:10.320,0.75034,0.75056,1.00,1.00
2014.11.11 10:27:10.989,0.75033,0.75055,1.00,1.00
2014.11.11 10:27:12.384,0.75033,0.75053,1.00,1.00
2014.11.11 10:27:13.294,0.75032,0.75052,1.00,1.00
2014.11.11 10:27:13.395,0.75029,0.75051,1.00,1.00
2014.11.11 10:27:14.928,0.75028,0.7505,1.00,1.00
2014.11.11 10:27:15.799,0.75029,0.75051,1.00,1.00
2014.11.11 10:27:18.643,0.7503,0.75052,1.00,1.00
2014.11.11 10:27:21.281,0.75032,0.75052,1.00,1.00
2014.11.11 10:27:21.532,0.75032,0.75054,1.00,1.00
2014.11.11 10:27:21.633,0.75034,0.75056,1.00,1.00
2014.11.11 10:27:24.709,0.75034,0.75054,1.00,1.00
2014.11.11 10:27:25.788,0.75033,0.75053,1.00,1.00
2014.11.11 10:27:28.108,0.7503,0.75052,1.00,1.00
2014.11.11 10:27:30.522,0.75031,0.75053,1.00,1.00
2014.11.11 10:27:30.673,0.7503,0.7505,1.00,1.00
2014.11.11 10:27:30.924,0.75027,0.75049,1.00,1.00
2014.11.11 10:27:31.096,0.75022,0.75044,1.37,1.00
2014.11.11 10:27:31.402,0.75026,0.75046,1.00,1.00
2014.11.11 10:27:31.995,0.75025,0.75045,1.00,1.00
2014.11.11 10:27:33.053,0.75024,0.75044,1.00,1.00
2014.11.11 10:27:33.597,0.75022,0.75042,1.00,1.00
2014.11.11 10:27:38.447,0.75021,0.75043,1.00,1.00
2014.11.11 10:27:42.624,0.75024,0.75046,1.00,1.00
2014.11.11 10:27:46.613,0.75022,0.75042,1.00,1.00
2014.11.11 10:27:47.347,0.75023,0.75043,1.00,1.00
2014.11.11 10:27:47.787,0.75021,0.75043,1.00,1.00
2014.11.11 10:27:48.301,0.75022,0.75042,1.00,1.00
2014.11.11 10:27:48.410,0.75018,0.7504,1.00,1.00
2014.11.11 10:27:52.958,0.75019,0.75041,1.00,1.00
2014.11.11 10:28:13.668,0.75021,0.75043,1.00,1.00
2014.11.11 10:28:13.990,0.75023,0.75043,1.00,1.00
2014.11.11 10:28:14.040,0.75024,0.75046,1.00,1.50
2014.11.11 10:28:14.091,0.75023,0.75043,1.00,1.00
2014.11.11 10:28:14.393,0.75025,0.75045,1.00,1.00
2014.11.11 10:28:14.443,0.75025,0.75047,1.00,1.00
2014.11.11 10:28:14.658,0.75025,0.75045,1.00,1.00
2014.11.11 10:28:14.759,0.75023,0.75045,1.00,1.00
2014.11.11 10:28:14.978,0.75025,0.75047,1.37,1.00
2014.11.11 10:28:15.190,0.75028,0.7505,1.00,1.00
2014.11.11 10:28:15.408,0.75027,0.75047,1.00,1.00
2014.11.11 10:28:15.951,0.75025,0.75047,1.37,1.00
2014.11.11 10:28:21.079,0.75025,0.75047,1.00,1.00
2014.11.11 10:28:21.380,0.75025,0.75045,1.00,1.00
2014.11.11 10:28:21.682,0.75025,0.75043,1.00,1.00
2014.11.11 10:28:21.733,0.75025,0.75047,1.50,1.00
2014.11.11 10:28:22.169,0.75027,0.75049,1.00,1.00
2014.11.11 10:28:23.498,0.75028,0.75048,1.00,1.00
2014.11.11 10:28:25.577,0.75027,0.75049,1.37,1.00
2014.11.11 10:28:26.100,0.75027,0.75049,1.00,1.00
2014.11.11 10:28:32.332,0.75029,0.75049,1.00,1.00
2014.11.11 10:28:32.649,0.7503,0.75051,1.12,1.00
2014.11.11 10:28:32.750,0.75033,0.75055,1.00,1.00
2014.11.11 10:28:32.850,0.75035,0.75055,1.00,1.00
2014.11.11 10:28:32.951,0.75036,0.75058,1.00,1.00
2014.11.11 10:28:33.320,0.75034,0.75056,1.00,1.00
2014.11.11 10:28:33.668,0.75037,0.75057,1.00,1.00
2014.11.11 10:28:34.177,0.75038,0.75058,1.00,1.00
2014.11.11 10:28:34.378,0.75036,0.75058,1.00,1.00
2014.11.11 10:28:34.971,0.75036,0.75056,1.12,1.00
2014.11.11 10:28:36.247,0.75036,0.75058,1.00,1.00
2014.11.11 10:28:36.806,0.75037,0.75059,1.00,1.00
2014.11.11 10:28:39.436,0.75036,0.75059,1.12,1.00
2014.11.11 10:28:40.098,0.75035,0.75056,1.50,1.00
2014.11.11 10:28:40.777,0.75034,0.75056,1.50,1.00
2014.11.11 10:28:41.344,0.75035,0.75056,1.00,1.00
2014.11.11 10:28:41.646,0.75035,0.75051,1.00,1.00
2014.11.11 10:28:41.697,0.7503,0.75051,1.00,1.00
2014.11.11 10:28:41.858,0.75029,0.75049,1.12,1.00
2014.11.11 10:28:44.092,0.75028,0.75049,1.00,1.00
2014.11.11 10:28:52.417,0.75028,0.75051,1.00,1.00
2014.11.11 10:29:00.236,0.75029,0.75052,1.37,1.00
2014.11.11 10:29:00.336,0.7503,0.75052,1.00,1.00
2014.11.11 10:29:00.387,0.75031,0.75054,1.00,1.00
2014.11.11 10:29:00.488,0.75029,0.75052,1.50,1.00
2014.11.11 10:29:00.807,0.75027,0.7505,1.37,1.00
2014.11.11 10:29:01.117,0.75023,0.75044,1.00,1.00
2014.11.11 10:29:06.095,0.75021,0.75044,1.37,1.00
2014.11.11 10:29:06.807,0.75021,0.75044,1.00,1.00
2014.11.11 10:29:07.479,0.75024,0.75044,1.00,1.00
2014.11.11 10:29:07.529,0.75024,0.75047,1.87,1.00
2014.11.11 10:29:07.630,0.75028,0.75049,1.00,1.00
2014.11.11 10:29:07.738,0.75026,0.75049,1.00,1.00
2014.11.11 10:29:11.687,0.75026,0.75047,1.00,1.00
2014.11.11 10:29:12.333,0.75023,0.75046,1.87,1.00
2014.11.11 10:29:14.857,0.75024,0.75047,1.00,1.00
2014.11.11 10:29:16.098,0.75023,0.75045,1.12,1.00
2014.11.11 10:29:16.636,0.75023,0.75046,1.00,1.00
2014.11.11 10:29:16.938,0.75023,0.75044,1.12,1.00
2014.11.11 10:29:16.988,0.75023,0.75046,1.12,1.00
2014.11.11 10:29:17.190,0.75026,0.75047,1.00,1.00
2014.11.11 10:29:17.290,0.75027,0.7505,1.00,1.00
2014.11.11 10:29:17.391,0.75029,0.7505,1.00,1.00
2014.11.11 10:29:30.278,0.75029,0.7505,1.37,1.00
2014.11.11 10:29:30.396,0.75027,0.7505,1.37,1.00
2014.11.11 10:29:31.696,0.75026,0.75049,1.50,1.00
2014.11.11 10:29:31.847,0.75024,0.75045,1.12,1.00
2014.11.11 10:29:31.998,0.75022,0.75045,1.12,1.00
2014.11.11 10:29:42.746,0.75022,0.75045,1.87,1.00
2014.11.11 10:29:43.463,0.75024,0.75045,1.00,1.00
2014.11.11 10:29:52.542,0.75022,0.75045,1.87,1.00
2014.11.11 10:30:00.156,0.75024,0.75045,1.00,1.00
2014.11.11 10:30:00.328,0.75022,0.75045,1.12,1.00
2014.11.11 10:30:00.521,0.75024,0.75046,1.00,1.00
2014.11.11 10:30:01.041,0.75023,0.75045,1.12,1.00
2014.11.11 10:30:01.346,0.75026,0.75048,1.00,1.00
2014.11.11 10:30:02.068,0.75025,0.75047,1.00,1.00
2014.11.11 10:30:02.430,0.75028,0.75048,1.00,1.00
2014.11.11 10:30:02.531,0.75029,0.7505,1.00,1.00
2014.11.11 10:30:03.936,0.75034,0.75054,1.00,1.00
2014.11.11 10:30:04.325,0.75029,0.75049,1.50,1.00
2014.11.11 10:30:08.913,0.75029,0.75051,1.50,1.00
2014.11.11 10:30:09.114,0.75027,0.75049,1.00,1.00
2014.11.11 10:30:09.418,0.7502,0.75042,1.00,1.00
2014.11.11 10:30:09.758,0.75022,0.75042,1.00,1.00
2014.11.11 10:30:13.048,0.75022,0.75044,1.00,1.00
2014.11.11 10:30:14.087,0.75022,0.75044,1.37,1.00
2014.11.11 10:30:14.289,0.75025,0.75045,1.00,1.00
2014.11.11 10:30:14.743,0.75023,0.75045,1.00,1.00
2014.11.11 10:30:15.801,0.75023,0.75043,1.00,1.00
2014.11.11 10:30:16.276,0.75024,0.75046,1.00,1.00
2014.11.11 10:30:16.686,0.75022,0.75044,1.00,1.00
2014.11.11 10:30:17.035,0.75024,0.75046,1.00,1.00
2014.11.11 10:30:17.427,0.75026,0.75046,1.00,1.00
2014.11.11 10:30:18.986,0.75026,0.75048,1.00,1.00
2014.11.11 10:30:20.338,0.75026,0.75046,1.00,1.00
2014.11.11 10:30:20.439,0.75024,0.75046,1.00,1.00
2014.11.11 10:30:20.947,0.75023,0.75045,1.00,1.00
2014.11.11 10:30:24.633,0.75022,0.75044,1.00,1.00
2014.11.11 10:30:25.037,0.75025,0.75047,1.00,1.00
2014.11.11 10:30:33.748,0.75021,0.75044,1.00,1.00
2014.11.11 10:30:33.949,0.75022,0.75042,1.00,1.00
2014.11.11 10:30:34.540,0.75022,0.75044,1.00,1.00
2014.11.11 10:30:35.748,0.75023,0.75045,1.00,1.00
2014.11.11 10:30:38.086,0.75023,0.75045,1.00,1.37
2014.11.11 10:30:38.186,0.75021,0.75043,1.00,1.12
2014.11.11 10:30:38.287,0.75019,0.75041,1.00,1.00
2014.11.11 10:30:41.646,0.75021,0.75041,1.00,1.00
2014.11.11 10:30:48.915,0.75024,0.75044,1.00,1.00
2014.11.11 10:30:50.260,0.75024,0.75046,1.00,1.12
2014.11.11 10:30:51.581,0.75024,0.75046,1.00,1.37
2014.11.11 10:30:52.422,0.75024,0.75046,1.00,1.37
2014.11.11 10:30:53.195,0.75023,0.75045,1.00,1.37
2014.11.11 10:30:54.419,0.75023,0.75045,1.00,1.12
2014.11.11 10:30:55.121,0.75023,0.75045,1.00,1.37
2014.11.11 10:30:59.168,0.75023,0.75045,1.00,1.12
2014.11.11 10:31:03.614,0.75023,0.75045,1.37,1.00
2014.11.11 10:31:06.208,0.75023,0.75045,1.00,1.00
2014.11.11 10:31:11.030,0.75023,0.75045,1.37,1.00
2014.11.11 10:31:11.281,0.75027,0.75047,1.00,1.00
2014.11.11 10:31:11.858,0.75028,0.75048,1.00,1.00
2014.11.11 10:31:12.408,0.75029,0.75049,1.12,1.00
2014.11.11 10:31:12.948,0.75027,0.75049,1.37,1.00
2014.11.11 10:31:13.450,0.75027,0.75049,1.12,1.00
2014.11.11 10:31:16.697,0.75027,0.75049,1.00,1.37
2014.11.11 10:31:16.848,0.75025,0.75047,1.00,1.00
2014.11.11 10:31:17.757,0.75026,0.75046,1.00,1.00
2014.11.11 10:31:17.978,0.75024,0.75046,1.00,1.00
2014.11.11 10:31:19.614,0.75025,0.75045,1.00,1.00
2014.11.11 10:31:19.824,0.75022,0.75044,1.00,1.00
2014.11.11 10:31:20.810,0.75021,0.75043,1.00,1.00
2014.11.11 10:31:21.929,0.75024,0.75046,1.00,1.00
2014.11.11 10:31:22.268,0.75026,0.75046,1.00,1.00
2014.11.11 10:31:28.637,0.75028,0.75048,1.00,1.00
2014.11.11 10:31:29.691,0.75027,0.75049,1.12,1.00
2014.11.11 10:31:34.886,0.75029,0.75049,1.00,1.00
2014.11.11 10:31:38.707,0.7503,0.75049,1.00,1.00
2014.11.11 10:31:42.447,0.75029,0.75049,1.50,1.00
2014.11.11 10:31:43.665,0.7503,0.75049,1.00,1.00
2014.11.11 10:31:43.816,0.7503,0.75052,2.62,1.00
2014.11.11 10:31:43.928,0.75032,0.75054,1.12,1.00
2014.11.11 10:31:44.585,0.75035,0.75057,1.00,1.00
2014.11.11 10:31:45.678,0.75031,0.75051,1.00,1.00
2014.11.11 10:31:46.465,0.75029,0.75051,1.37,1.00
2014.11.11 10:31:47.193,0.7503,0.75052,1.12,1.00
2014.11.11 10:31:51.974,0.7503,0.75052,1.37,1.00
2014.11.11 10:31:52.075,0.75033,0.75055,1.50,1.00
2014.11.11 10:31:52.175,0.75037,0.75059,1.00,1.37
2014.11.11 10:31:52.478,0.75035,0.75055,1.00,1.00
2014.11.11 10:31:52.529,0.75033,0.75055,1.00,1.00
2014.11.11 10:31:53.059,0.75032,0.75054,1.00,1.00
2014.11.11 10:31:55.235,0.75033,0.75055,1.00,1.00
2014.11.11 10:32:17.204,0.75035,0.75055,1.00,1.00
2014.11.11 10:32:17.355,0.75033,0.75055,1.00,1.00
2014.11.11 10:32:29.588,0.75032,0.75054,1.00,1.00
2014.11.11 10:32:30.099,0.75033,0.75055,1.00,1.00
2014.11.11 10:32:30.150,0.75035,0.75057,1.00,1.00
2014.11.11 10:32:30.466,0.75038,0.7506,1.00,1.00
2014.11.11 10:32:40.011,0.75038,0.7506,1.00,1.37
2014.11.11 10:32:41.112,0.75038,0.7506,1.00,1.00
2014.11.11 10:32:42.317,0.75038,0.7506,1.00,1.37
2014.11.11 10:32:42.849,0.75038,0.7506,1.00,1.87
2014.11.11 10:32:43.428,0.75039,0.75059,1.00,1.00
2014.11.11 10:32:44.183,0.75037,0.75059,1.00,1.00
2014.11.11 10:32:45.724,0.75037,0.75057,1.00,1.00
2014.11.11 10:32:45.975,0.75033,0.75055,1.00,1.00
2014.11.11 10:32:46.205,0.75031,0.75053,1.00,1.00
2014.11.11 10:32:48.376,0.75029,0.75051,1.00,1.00
2014.11.11 10:32:57.329,0.75029,0.75051,1.00,1.37
2014.11.11 10:32:57.530,0.75026,0.75048,1.00,1.00
2014.11.11 10:32:58.154,0.75027,0.75049,1.00,1.00
2014.11.11 10:33:02.347,0.75026,0.75048,1.00,1.00
2014.11.11 10:33:03.104,0.75026,0.75046,1.00,1.00
2014.11.11 10:33:03.405,0.75024,0.75044,1.00,1.00
2014.11.11 10:33:03.565,0.75024,0.75046,1.00,1.00
2014.11.11 10:33:03.668,0.75027,0.75047,1.00,1.00
2014.11.11 10:33:07.858,0.75027,0.75047,1.00,1.37
2014.11.11 10:33:07.959,0.75025,0.75047,1.00,1.37
2014.11.11 10:33:08.273,0.75022,0.75044,1.00,1.00
2014.11.11 10:33:08.761,0.75022,0.75042,1.00,1.00
2014.11.11 10:33:14.323,0.7502,0.75042,1.00,1.00
2014.11.11 10:33:15.323,0.75018,0.7504,1.00,1.00
2014.11.11 10:33:16.003,0.75017,0.75039,1.00,1.00
2014.11.11 10:33:32.403,0.75015,0.75037,1.00,1.00
2014.11.11 10:33:36.027,0.75017,0.75039,1.00,1.00
2014.11.11 10:33:36.329,0.75019,0.75041,1.00,1.12
2014.11.11 10:33:37.205,0.7502,0.75042,1.00,1.37
2014.11.11 10:33:38.853,0.75018,0.75041,1.00,1.12
2014.11.11 10:33:40.286,0.7502,0.7504,1.00,1.00
2014.11.11 10:33:43.804,0.75021,0.75043,1.00,1.37
2014.11.11 10:33:44.986,0.75021,0.75041,1.00,1.37
2014.11.11 10:33:45.044,0.75018,0.7504,1.00,2.62
2014.11.11 10:33:45.571,0.75017,0.75039,1.00,1.12
2014.11.11 10:33:49.854,0.75016,0.75038,1.00,1.00
2014.11.11 10:33:50.005,0.75011,0.75033,1.50,1.00
2014.11.11 10:33:50.323,0.75015,0.75037,1.00,1.00
2014.11.11 10:33:56.595,0.75016,0.75038,1.00,1.12
2014.11.11 10:33:59.312,0.75015,0.75037,1.00,1.00
2014.11.11 10:34:04.972,0.75013,0.75035,1.00,1.00
2014.11.11 10:34:05.302,0.7501,0.75032,1.00,1.00
2014.11.11 10:34:05.881,0.75009,0.75031,1.00,1.12
2014.11.11 10:34:06.505,0.7501,0.75032,1.00,1.12
2014.11.11 10:34:16.030,0.7501,0.75032,1.00,1.37
2014.11.11 10:34:16.537,0.7501,0.7503,1.00,1.00
2014.11.11 10:34:17.134,0.75011,0.75031,1.00,1.00
2014.11.11 10:34:19.663,0.7501,0.7503,1.00,1.00
2014.11.11 10:34:32.316,0.7501,0.7503,1.37,1.00
2014.11.11 10:34:32.532,0.75012,0.75032,1.00,1.00
2014.11.11 10:34:33.279,0.75012,0.75032,1.37,1.00
2014.11.11 10:34:33.430,0.75012,0.75034,1.87,1.00
2014.11.11 10:34:33.531,0.75016,0.75036,1.00,1.00
2014.11.11 10:34:35.003,0.75017,0.75037,1.00,1.00
2014.11.11 10:34:37.159,0.75015,0.75037,1.00,1.00
2014.11.11 10:34:37.623,0.75017,0.75039,1.37,1.00
2014.11.11 10:34:38.184,0.75019,0.75039,1.00,1.00
2014.11.11 10:34:45.952,0.75022,0.75042,1.00,1.00
2014.11.11 10:34:46.062,0.75022,0.75044,1.00,1.00
2014.11.11 10:34:46.213,0.75019,0.75041,1.00,1.00
2014.11.11 10:34:46.722,0.7502,0.7504,1.00,1.00
2014.11.11 10:34:55.633,0.75018,0.7504,1.00,1.00
2014.11.11 10:34:55.885,0.7502,0.7504,1.12,1.00
2014.11.11 10:34:56.644,0.7502,0.75042,1.00,1.00
2014.11.11 10:34:58.714,0.75023,0.75043,1.00,1.00
2014.11.11 10:34:58.833,0.75023,0.75045,1.37,1.00
2014.11.11 10:34:59.391,0.75025,0.75045,1.00,1.00
2014.11.11 10:35:04.322,0.75023,0.75045,1.00,1.00
2014.11.11 10:35:19.395,0.75022,0.75044,1.00,1.00
2014.11.11 10:35:23.485,0.75023,0.75045,1.12,1.00
2014.11.11 10:35:23.586,0.75025,0.75045,1.50,1.00
2014.11.11 10:35:23.819,0.75025,0.75047,1.50,1.00
2014.11.11 10:35:29.662,0.75026,0.75048,1.00,1.00
2014.11.11 10:35:30.187,0.75027,0.75049,1.00,1.00
2014.11.11 10:35:35.817,0.75027,0.75047,1.00,1.00
2014.11.11 10:35:36.353,0.75026,0.75048,1.00,1.00
2014.11.11 10:35:36.678,0.75028,0.75048,1.00,1.00
2014.11.11 10:35:37.413,0.75029,0.75049,1.00,1.00
2014.11.11 10:35:43.261,0.75026,0.75048,1.00,1.00
2014.11.11 10:35:44.162,0.75027,0.75049,1.00,1.00
2014.11.11 10:35:47.453,0.75027,0.75047,1.00,1.00
2014.11.11 10:35:47.554,0.75025,0.75047,1.00,1.00
2014.11.11 10:35:48.132,0.75024,0.75046,1.00,1.00
2014.11.11 10:35:54.262,0.75022,0.75042,1.00,1.00
2014.11.11 10:35:57.923,0.75022,0.75044,1.00,1.00
2014.11.11 10:35:58.592,0.75021,0.75043,1.50,1.00
2014.11.11 10:36:01.522,0.75022,0.75044,1.00,1.00
2014.11.11 10:36:02.303,0.75023,0.75044,1.00,1.00
2014.11.11 10:36:09.451,0.75022,0.75044,1.00,1.00
2014.11.11 10:36:16.372,0.75021,0.75043,1.50,1.00
2014.11.11 10:36:26.525,0.75021,0.75043,1.87,1.00
2014.11.11 10:36:27.044,0.75021,0.75043,1.87,1.00
2014.11.11 10:36:27.607,0.75022,0.75044,1.87,1.00
2014.11.11 10:36:29.761,0.75022,0.75044,1.00,1.00
2014.11.11 10:36:34.850,0.75023,0.75043,1.00,1.00
2014.11.11 10:36:37.080,0.75021,0.75043,1.00,1.00
2014.11.11 10:36:37.181,0.75021,0.75041,1.00,1.00
2014.11.11 10:36:37.503,0.75023,0.75043,1.00,1.00
2014.11.11 10:36:37.604,0.7502,0.75042,1.00,1.00
2014.11.11 10:36:37.956,0.75015,0.75035,1.00,1.00
2014.11.11 10:36:38.403,0.75013,0.75035,1.00,1.00
2014.11.11 10:36:39.844,0.75013,0.75034,1.00,1.00
2014.11.11 10:36:50.270,0.75013,0.75035,1.00,1.00
2014.11.11 10:36:54.320,0.75011,0.75033,1.87,1.00
2014.11.11 10:36:55.009,0.75011,0.75031,1.37,1.00
2014.11.11 10:36:56.080,0.75011,0.75031,1.12,1.00
2014.11.11 10:37:00.589,0.75011,0.75029,1.12,1.00
2014.11.11 10:37:00.841,0.75005,0.75025,1.87,1.00
2014.11.11 10:37:00.942,0.7501,0.75024,1.00,1.00
2014.11.11 10:37:01.042,0.75004,0.75024,1.00,1.00
2014.11.11 10:37:01.390,0.75001,0.75024,1.87,1.00
2014.11.11 10:37:07.933,0.75001,0.75024,1.87,1.00
2014.11.11 10:37:14.898,0.75001,0.75024,1.87,1.00
2014.11.11 10:37:16.680,0.75002,0.75024,1.37,1.00
2014.11.11 10:37:17.267,0.75003,0.75025,1.12,1.00
2014.11.11 10:37:22.039,0.75002,0.75024,1.37,1.00
2014.11.11 10:37:33.838,0.75002,0.75024,1.37,1.00
2014.11.11 10:37:34.268,0.75004,0.75026,1.87,1.00
2014.11.11 10:37:38.049,0.75004,0.75026,1.87,1.00
2014.11.11 10:37:46.678,0.75006,0.75026,1.00,1.00
2014.11.11 10:37:51.203,0.75003,0.75025,1.50,1.00
2014.11.11 10:37:51.740,0.75003,0.75024,1.00,1.00
2014.11.11 10:37:52.290,0.75002,0.75022,1.00,1.00
2014.11.11 10:37:54.065,0.75005,0.75024,1.00,1.00
2014.11.11 10:37:54.423,0.75001,0.75023,1.00,1.00
2014.11.11 10:37:54.616,0.75,0.75021,1.00,1.00
2014.11.11 10:37:55.270,0.74999,0.75021,2.62,1.00
2014.11.11 10:37:57.940,0.75001,0.75021,1.00,1.00
2014.11.11 10:37:59.579,0.74998,0.7502,1.00,1.00
2014.11.11 10:38:00.918,0.74999,0.75021,1.00,1.00
2014.11.11 10:38:01.019,0.75003,0.75021,1.00,1.00
2014.11.11 10:38:01.123,0.75001,0.75022,1.00,1.00
2014.11.11 10:38:01.326,0.75003,0.75023,1.00,1.00
2014.11.11 10:38:01.681,0.75004,0.75025,1.00,1.00
2014.11.11 10:38:01.781,0.75002,0.75025,1.00,1.00
2014.11.11 10:38:01.884,0.75,0.75022,1.00,1.00
2014.11.11 10:38:02.203,0.75002,0.75024,1.50,1.00
2014.11.11 10:38:02.971,0.75004,0.75024,1.00,1.00
2014.11.11 10:38:03.540,0.75002,0.75024,1.87,1.00
2014.11.11 10:38:05.101,0.75002,0.75024,1.50,1.00
2014.11.11 10:38:06.020,0.75002,0.75024,1.87,1.00
2014.11.11 10:38:09.370,0.75002,0.75025,1.87,1.00
2014.11.11 10:38:15.641,0.75003,0.75025,1.87,1.00
2014.11.11 10:38:15.963,0.75006,0.75026,1.50,1.00
2014.11.11 10:38:16.516,0.75005,0.75025,1.37,1.00
2014.11.11 10:38:17.556,0.75004,0.75025,1.37,1.00
2014.11.11 10:38:17.879,0.75004,0.75023,1.00,1.00
2014.11.11 10:38:18.189,0.75,0.75018,1.00,1.00
2014.11.11 10:38:18.390,0.74997,0.75018,1.37,1.00
2014.11.11 10:38:18.612,0.74999,0.75018,1.37,1.00
2014.11.11 10:38:19.171,0.74999,0.75018,1.00,1.00
2014.11.11 10:38:19.801,0.74997,0.75018,1.37,1.00
2014.11.11 10:38:22.512,0.74997,0.75018,1.00,1.00
2014.11.11 10:38:22.914,0.74996,0.75016,1.00,1.00
2014.11.11 10:38:23.015,0.74994,0.75016,1.00,1.00
2014.11.11 10:38:23.116,0.74993,0.75014,1.00,1.00
2014.11.11 10:38:23.558,0.74994,0.75016,1.00,1.00
2014.11.11 10:38:23.859,0.74994,0.75014,1.50,1.00
2014.11.11 10:38:24.507,0.74995,0.75014,1.00,1.00
2014.11.11 10:38:27.049,0.74995,0.75015,1.00,1.00
2014.11.11 10:38:27.408,0.75,0.75015,1.00,1.00
2014.11.11 10:38:27.719,0.75,0.75022,1.50,1.00
2014.11.11 10:38:27.769,0.75002,0.75022,1.00,1.00
2014.11.11 10:38:27.900,0.75002,0.75025,1.50,1.00
2014.11.11 10:38:28.102,0.75004,0.75025,1.00,1.00
2014.11.11 10:38:28.619,0.75004,0.75026,1.00,1.00
2014.11.11 10:38:29.381,0.75007,0.75029,1.00,1.87
2014.11.11 10:38:29.683,0.75009,0.75031,1.50,1.00
2014.11.11 10:38:30.006,0.75012,0.75034,1.00,1.00
2014.11.11 10:38:33.317,0.7501,0.75032,2.25,1.00
2014.11.11 10:38:35.418,0.75011,0.75033,1.00,1.00
2014.11.11 10:38:35.738,0.75013,0.75035,1.00,1.00
2014.11.11 10:38:36.069,0.75013,0.75033,1.00,1.00
2014.11.11 10:38:36.375,0.75008,0.75027,1.00,1.00
2014.11.11 10:38:36.526,0.75005,0.75027,2.25,1.00
2014.11.11 10:38:45.649,0.75008,0.7503,1.00,1.00
2014.11.11 10:38:47.189,0.75006,0.75026,1.00,1.00
2014.11.11 10:38:58.287,0.75006,0.75028,1.00,1.00
2014.11.11 10:38:59.490,0.75006,0.75028,1.00,1.37
2014.11.11 10:38:59.591,0.75005,0.75027,1.00,1.12
2014.11.11 10:38:59.842,0.75003,0.75026,1.00,1.00
2014.11.11 10:39:00.818,0.75002,0.75025,1.00,1.00
2014.11.11 10:39:01.588,0.75002,0.75024,1.00,1.00
2014.11.11 10:39:05.790,0.75004,0.75024,1.00,1.00
2014.11.11 10:39:07.768,0.75002,0.75024,1.00,1.00
2014.11.11 10:39:07.879,0.75004,0.75024,1.00,1.00
2014.11.11 10:39:08.540,0.75002,0.75024,1.00,1.00
2014.11.11 10:39:10.190,0.75004,0.75024,1.00,1.00
2014.11.11 10:39:13.929,0.75002,0.75024,1.00,1.00
2014.11.11 10:39:38.007,0.75001,0.75023,1.00,1.00
2014.11.11 10:39:38.531,0.75,0.75022,1.50,1.00
2014.11.11 10:39:39.880,0.75002,0.75022,1.00,1.00
2014.11.11 10:39:43.060,0.75003,0.75023,1.00,1.00
2014.11.11 10:39:43.379,0.75005,0.75025,1.00,1.12
2014.11.11 10:39:43.530,0.75,0.75022,1.00,1.00
2014.11.11 10:39:43.852,0.74998,0.7502,1.00,1.00
2014.11.11 10:39:44.177,0.74997,0.75017,1.50,1.00
2014.11.11 10:39:46.523,0.74999,0.75017,1.00,1.00
2014.11.11 10:39:46.624,0.74999,0.75019,1.00,1.00
2014.11.11 10:39:48.128,0.74997,0.75019,1.50,1.00
2014.11.11 10:39:50.976,0.74997,0.75017,1.00,1.00
2014.11.11 10:39:51.444,0.74995,0.75017,1.00,1.00
2014.11.11 10:39:54.439,0.74994,0.75016,1.00,1.00
2014.11.11 10:39:54.548,0.74994,0.75014,1.00,1.00
2014.11.11 10:39:55.811,0.74995,0.75014,1.00,1.00
2014.11.11 10:39:55.861,0.74995,0.75016,1.00,1.00
2014.11.11 10:39:55.927,0.74996,0.75019,1.00,1.00
2014.11.11 10:39:56.806,0.74995,0.75017,1.50,1.00
2014.11.11 10:39:57.635,0.74994,0.75016,1.12,1.00
2014.11.11 10:39:58.568,0.74993,0.75015,1.87,1.00
2014.11.11 10:39:59.123,0.74993,0.75015,1.50,1.00
2014.11.11 10:40:01.866,0.74995,0.75017,1.00,1.00
2014.11.11 10:40:02.420,0.74993,0.75013,1.50,1.00
2014.11.11 10:40:02.870,0.74994,0.75016,1.50,1.00
2014.11.11 10:40:08.577,0.74995,0.75017,1.00,1.00
2014.11.11 10:40:11.689,0.74995,0.75015,1.00,1.00
2014.11.11 10:40:12.465,0.74992,0.75014,1.00,1.00
2014.11.11 10:40:12.515,0.74992,0.75014,1.37,1.00
2014.11.11 10:40:12.566,0.74995,0.75017,1.00,1.00
2014.11.11 10:40:12.667,0.74996,0.75017,1.37,1.00
2014.11.11 10:40:12.970,0.75003,0.75023,1.00,1.00
2014.11.11 10:40:13.968,0.75003,0.75024,1.00,1.00
2014.11.11 10:40:14.300,0.75001,0.75021,1.00,1.00
2014.11.11 10:40:14.779,0.75002,0.75024,1.00,1.00
2014.11.11 10:40:14.885,0.75004,0.75024,1.00,1.00
2014.11.11 10:40:18.605,0.75005,0.75025,1.00,1.00
2014.11.11 10:40:18.706,0.75002,0.75024,1.50,1.00
2014.11.11 10:40:19.354,0.75003,0.75025,1.00,1.00
2014.11.11 10:40:20.127,0.75004,0.75026,1.00,1.00
2014.11.11 10:40:20.797,0.75003,0.75025,1.00,1.00
2014.11.11 10:40:21.009,0.75,0.75022,1.50,1.00
2014.11.11 10:40:21.448,0.75002,0.75022,1.00,1.00
2014.11.11 10:40:21.558,0.75003,0.75025,1.00,1.00
2014.11.11 10:40:24.877,0.75005,0.75025,1.00,1.00
2014.11.11 10:40:25.439,0.75006,0.75026,1.00,1.00
2014.11.11 10:40:50.858,0.75006,0.75028,1.00,1.00
2014.11.11 10:40:55.578,0.75005,0.75027,1.00,1.00
2014.11.11 10:40:58.956,0.75004,0.75026,1.00,1.00
2014.11.11 10:41:15.590,0.75003,0.75023,1.00,1.00
2014.11.11 10:41:19.545,0.75004,0.75026,1.00,1.00
2014.11.11 10:41:21.549,0.75005,0.75025,1.00,1.00
2014.11.11 10:41:26.722,0.75003,0.75025,1.00,1.00
2014.11.11 10:41:28.985,0.75001,0.75023,1.00,1.00
2014.11.11 10:41:49.338,0.75,0.75022,1.00,1.00
2014.11.11 10:41:49.698,0.75002,0.75024,1.00,1.00
2014.11.11 10:41:50.199,0.75002,0.75024,1.37,1.00
2014.11.11 10:41:50.790,0.75004,0.75024,1.00,1.00
2014.11.11 10:41:51.315,0.75003,0.75023,1.12,1.00
2014.11.11 10:42:12.654,0.75003,0.75025,1.12,1.00
2014.11.11 10:42:22.335,0.75005,0.75027,1.00,1.00
2014.11.11 10:42:22.686,0.75005,0.75025,1.00,1.00
2014.11.11 10:42:23.898,0.75002,0.75024,1.00,1.00
2014.11.11 10:42:24.118,0.75004,0.75026,1.00,1.00
2014.11.11 10:42:24.460,0.75,0.7502,1.12,1.00
2014.11.11 10:42:24.763,0.74997,0.75019,1.87,1.00
2014.11.11 10:42:25.587,0.74998,0.75018,1.00,1.00
2014.11.11 10:42:26.068,0.74996,0.75017,1.12,1.00
2014.11.11 10:42:28.406,0.74996,0.75018,1.87,1.00
2014.11.11 10:42:28.507,0.74999,0.75019,1.00,1.00
2014.11.11 10:42:28.832,0.74997,0.75019,1.50,1.00
2014.11.11 10:42:29.197,0.74995,0.75017,1.87,1.00
2014.11.11 10:42:29.500,0.74999,0.75019,1.00,1.00
2014.11.11 10:42:31.590,0.74999,0.75019,1.87,1.00
2014.11.11 10:42:35.886,0.74999,0.75018,1.37,1.00
2014.11.11 10:42:37.415,0.75,0.7502,1.50,1.00
2014.11.11 10:42:39.938,0.75002,0.75021,1.00,1.00
2014.11.11 10:42:40.044,0.75002,0.75023,1.00,1.00
2014.11.11 10:42:43.114,0.75003,0.75023,1.00,1.00
2014.11.11 10:42:43.638,0.75002,0.75023,1.12,1.00
2014.11.11 10:42:47.448,0.75002,0.75023,1.37,1.00
2014.11.11 10:42:48.536,0.75,0.75022,1.37,1.00
2014.11.11 10:42:53.755,0.75002,0.75022,1.00,1.00
2014.11.11 10:42:53.956,0.75,0.75022,1.12,1.00
2014.11.11 10:42:54.488,0.75,0.7502,1.00,1.00
2014.11.11 10:43:00.613,0.74998,0.7502,1.87,1.00
2014.11.11 10:43:06.645,0.74999,0.7502,1.00,1.00
2014.11.11 10:43:09.743,0.75,0.7502,1.00,1.00
2014.11.11 10:43:12.635,0.74998,0.75018,1.00,1.00
2014.11.11 10:43:12.735,0.74998,0.7502,1.00,1.00
2014.11.11 10:43:13.497,0.75,0.7502,1.00,1.00
2014.11.11 10:43:14.066,0.75,0.75021,1.00,1.00
2014.11.11 10:43:14.567,0.74999,0.75021,1.00,1.00
2014.11.11 10:43:26.586,0.75,0.75021,1.00,1.00
2014.11.11 10:43:27.210,0.75001,0.75021,1.00,1.00
2014.11.11 10:43:28.147,0.75,0.75021,1.00,1.00
2014.11.11 10:43:29.117,0.74999,0.75021,1.00,1.00
2014.11.11 10:43:45.305,0.74998,0.7502,1.00,1.00
2014.11.11 10:43:45.617,0.74997,0.75019,1.37,1.00
2014.11.11 10:43:45.825,0.75001,0.75021,1.12,1.00
2014.11.11 10:43:45.948,0.74999,0.75021,1.12,1.00
2014.11.11 10:43:46.613,0.74999,0.75021,1.37,1.00
2014.11.11 10:43:50.224,0.74998,0.7502,1.37,1.00
2014.11.11 10:43:50.975,0.74998,0.7502,1.12,1.00
2014.11.11 10:43:51.326,0.74998,0.7502,1.37,1.00
2014.11.11 10:43:51.427,0.74998,0.7502,1.12,1.00
2014.11.11 10:43:52.124,0.74999,0.75021,1.00,1.00
2014.11.11 10:43:52.640,0.75,0.75022,1.12,1.00
2014.11.11 10:43:53.304,0.75002,0.75022,1.00,1.00
2014.11.11 10:43:53.566,0.75,0.75022,1.00,1.00
2014.11.11 10:43:55.302,0.75,0.7502,1.12,1.00
2014.11.11 10:43:55.403,0.75001,0.75023,1.00,1.00
2014.11.11 10:43:55.833,0.75003,0.75023,1.00,1.00
2014.11.11 10:44:03.752,0.75001,0.75023,1.00,1.00
2014.11.11 10:44:03.903,0.75003,0.75023,1.00,1.00
2014.11.11 10:44:13.695,0.75,0.75022,1.00,1.00
2014.11.11 10:44:14.445,0.75,0.7502,1.00,1.00
2014.11.11 10:44:14.546,0.75,0.75022,1.00,1.00
2014.11.11 10:44:14.807,0.74998,0.7502,1.12,1.00
2014.11.11 10:44:15.109,0.74996,0.75018,1.00,1.00
2014.11.11 10:44:15.695,0.74995,0.75017,1.00,1.00
2014.11.11 10:44:16.102,0.74997,0.75017,1.00,1.00
2014.11.11 10:44:17.214,0.74997,0.75019,1.00,1.00
2014.11.11 10:44:18.514,0.74996,0.75016,1.00,1.00
2014.11.11 10:44:19.483,0.74994,0.75016,1.00,1.00
2014.11.11 10:44:20.468,0.74995,0.75016,1.00,1.00
2014.11.11 10:44:22.249,0.74995,0.75015,1.50,1.00
2014.11.11 10:44:22.455,0.74995,0.75013,1.00,1.00
2014.11.11 10:44:23.772,0.74995,0.75016,1.00,1.00
2014.11.11 10:44:24.382,0.74994,0.75016,2.25,1.00
2014.11.11 10:44:26.023,0.74994,0.75016,2.62,1.00
2014.11.11 10:44:26.581,0.74996,0.75017,1.00,1.00
2014.11.11 10:44:26.743,0.74997,0.75019,1.00,1.00
2014.11.11 10:44:32.036,0.74996,0.75016,1.00,1.00
2014.11.11 10:44:40.177,0.74993,0.75013,1.00,1.00
2014.11.11 10:44:40.278,0.74991,0.75013,1.00,1.37
2014.11.11 10:44:40.328,0.74991,0.75013,1.00,1.37
2014.11.11 10:44:40.530,0.74985,0.75007,1.00,1.37
2014.11.11 10:44:40.633,0.74982,0.75004,1.00,1.00
2014.11.11 10:44:40.975,0.7498,0.75002,1.00,1.00
2014.11.11 10:44:41.389,0.74984,0.75004,1.00,1.00
2014.11.11 10:44:42.298,0.74981,0.75003,1.00,1.00
2014.11.11 10:44:51.494,0.7498,0.75002,1.50,1.00
2014.11.11 10:44:56.698,0.74978,0.75,1.87,1.00
2014.11.11 10:44:56.800,0.74979,0.75001,1.00,1.00
2014.11.11 10:44:56.901,0.74978,0.74997,1.00,1.00
2014.11.11 10:44:57.626,0.74979,0.74997,1.00,1.00
2014.11.11 10:44:57.906,0.74979,0.75,1.00,1.00
2014.11.11 10:44:58.588,0.7498,0.75,1.50,1.00
2014.11.11 10:45:00.127,0.7498,0.75,1.37,1.00
2014.11.11 10:45:00.442,0.74979,0.74999,1.00,1.00
2014.11.11 10:45:00.987,0.74982,0.75002,1.00,1.00
2014.11.11 10:45:02.645,0.74982,0.75002,1.37,1.00
2014.11.11 10:45:03.427,0.74982,0.75002,1.12,1.00
2014.11.11 10:45:07.274,0.7498,0.75002,1.87,1.00
2014.11.11 10:45:08.118,0.74981,0.75003,1.00,1.00
2014.11.11 10:45:08.883,0.74981,0.75003,1.37,1.00
2014.11.11 10:45:09.439,0.74981,0.75003,1.00,1.00
2014.11.11 10:45:23.733,0.7498,0.75002,1.12,1.00
