2017.03.14 05:00:09.004,0.69724,0.6974,1.00,1.00
2017.03.14 05:00:10.011,0.69721,0.6974,1.00,1.00
2017.03.14 05:00:18.441,0.69723,0.6974,1.00,1.00
2017.03.14 05:00:18.952,0.69724,0.6974,1.00,1.00
2017.03.14 05:00:21.108,0.69722,0.6974,1.00,1.00
2017.03.14 05:00:23.171,0.69722,0.69741,1.00,1.00
2017.03.14 05:00:58.316,0.69722,0.6974,1.00,1.00
2017.03.14 05:00:59.405,0.69721,0.6974,1.00,1.00
2017.03.14 05:01:03.263,0.69721,0.69741,1.00,1.50
2017.03.14 05:01:03.617,0.69722,0.69739,1.00,1.00
2017.03.14 05:01:03.718,0.6972,0.69738,1.00,1.00
2017.03.14 05:01:04.896,0.69721,0.69739,1.00,1.50
2017.03.14 05:01:07.106,0.69719,0.69739,1.12,1.50
2017.03.14 05:01:08.264,0.6972,0.69739,1.00,1.50
2017.03.14 05:01:08.314,0.69722,0.69739,1.00,1.00
2017.03.14 05:01:08.825,0.69722,0.6974,1.00,1.50
2017.03.14 05:01:14.383,0.6972,0.6974,1.00,2.25
2017.03.14 05:01:14.445,0.6972,0.69738,1.00,1.00
2017.03.14 05:01:39.443,0.6972,0.6974,1.00,1.50
2017.03.14 05:01:40.865,0.69723,0.69743,1.00,1.37
2017.03.14 05:01:41.370,0.69722,0.6974,1.87,1.00
2017.03.14 05:01:41.421,0.69722,0.6974,1.00,1.00
2017.03.14 05:01:48.621,0.69722,0.69741,1.00,1.00
2017.03.14 05:01:58.417,0.69722,0.69742,1.00,1.00
2017.03.14 05:02:04.814,0.69721,0.69741,1.00,1.00
2017.03.14 05:02:05.328,0.69721,0.69741,1.87,1.00
2017.03.14 05:02:05.955,0.69721,0.69741,1.50,1.50
2017.03.14 05:02:06.310,0.69723,0.69741,1.00,1.50
2017.03.14 05:02:06.411,0.69724,0.69744,1.50,1.00
2017.03.14 05:02:07.237,0.69724,0.69742,1.50,1.00
2017.03.14 05:02:07.540,0.69721,0.69741,1.00,1.00
2017.03.14 05:02:07.885,0.69724,0.69742,1.00,1.12
2017.03.14 05:02:16.677,0.69724,0.69744,1.00,1.00
2017.03.14 05:02:21.427,0.69726,0.69744,1.00,1.00
2017.03.14 05:02:30.114,0.69726,0.69746,1.00,1.50
2017.03.14 05:02:35.214,0.69729,0.69746,1.00,1.00
2017.03.14 05:02:35.366,0.69731,0.69749,1.00,1.00
2017.03.14 05:02:59.146,0.69731,0.69751,1.00,1.87
2017.03.14 05:02:59.197,0.69733,0.6975,1.00,1.12
2017.03.14 05:02:59.863,0.69731,0.69751,1.00,1.87
2017.03.14 05:03:00.519,0.6973,0.6975,1.00,1.12
2017.03.14 05:03:01.767,0.69731,0.69751,1.00,1.87
2017.03.14 05:03:07.346,0.69731,0.69749,1.00,1.00
2017.03.14 05:03:10.314,0.69732,0.69749,1.00,1.00
2017.03.14 05:03:10.840,0.69732,0.6975,1.50,1.00
2017.03.14 05:03:10.941,0.69734,0.69753,1.00,1.12
2017.03.14 05:03:11.062,0.69736,0.69753,1.00,1.12
2017.03.14 05:03:11.657,0.69736,0.69754,1.00,1.00
2017.03.14 05:03:11.959,0.69733,0.6975,1.00,1.50
2017.03.14 05:03:16.794,0.69733,0.69751,1.00,1.00
2017.03.14 05:03:17.459,0.69734,0.69751,1.00,1.00
2017.03.14 05:03:22.848,0.69732,0.69749,1.00,1.00
2017.03.14 05:03:23.644,0.69732,0.6975,1.00,1.00
2017.03.14 05:03:39.317,0.69732,0.69751,1.00,1.50
2017.03.14 05:03:43.835,0.69733,0.69751,1.00,1.00
2017.03.14 05:03:44.390,0.69733,0.69752,1.00,1.00
2017.03.14 05:03:47.159,0.69733,0.69751,1.00,1.00
2017.03.14 05:03:57.527,0.69735,0.69751,1.00,1.00
2017.03.14 05:03:59.229,0.69735,0.69753,1.00,1.00
2017.03.14 05:04:00.974,0.69733,0.6975,1.00,1.00
2017.03.14 05:04:01.686,0.69732,0.6975,1.87,1.00
2017.03.14 05:04:03.247,0.69732,0.69751,1.87,1.00
2017.03.14 05:04:03.892,0.69733,0.6975,1.00,1.00
2017.03.14 05:04:09.017,0.69733,0.69753,1.50,1.00
2017.03.14 05:04:33.973,0.69733,0.69751,1.50,1.00
2017.03.14 05:04:49.015,0.69733,0.69753,1.50,1.00
2017.03.14 05:05:00.794,0.69733,0.6975,1.50,1.00
2017.03.14 05:05:10.720,0.69733,0.69751,1.00,1.00
2017.03.14 05:05:45.514,0.69733,0.69753,1.50,1.00
2017.03.14 05:05:51.014,0.69733,0.69751,1.50,1.00
2017.03.14 05:06:15.379,0.69733,0.6975,1.00,1.00
2017.03.14 05:06:15.581,0.6973,0.69748,1.12,1.00
2017.03.14 05:06:15.682,0.69732,0.6975,1.00,1.00
2017.03.14 05:06:15.985,0.69734,0.69751,1.00,1.50
2017.03.14 05:06:16.805,0.69732,0.69751,1.00,1.50
2017.03.14 05:06:17.379,0.69732,0.6975,1.00,1.00
2017.03.14 05:06:19.528,0.69732,0.69751,1.00,1.50
2017.03.14 05:06:20.445,0.69732,0.6975,1.00,1.00
2017.03.14 05:06:20.969,0.69731,0.6975,1.00,1.00
2017.03.14 05:06:21.706,0.69731,0.69749,1.00,1.00
2017.03.14 05:06:47.742,0.69729,0.69748,1.00,1.00
2017.03.14 05:06:47.893,0.69728,0.69745,1.12,1.00
2017.03.14 05:06:48.716,0.69728,0.69747,1.00,1.00
2017.03.14 05:06:49.219,0.69728,0.69748,1.50,1.12
2017.03.14 05:07:04.249,0.69728,0.69747,1.00,1.00
2017.03.14 05:07:07.506,0.69737,0.69755,2.25,1.87
2017.03.14 05:07:07.607,0.69737,0.69755,2.25,1.00
2017.03.14 05:07:08.298,0.69738,0.69755,1.00,1.00
2017.03.14 05:07:08.815,0.69737,0.69756,1.87,1.00
2017.03.14 05:07:10.197,0.69736,0.69756,1.50,1.50
2017.03.14 05:07:13.173,0.69735,0.69753,1.00,1.00
2017.03.14 05:07:14.840,0.69736,0.69756,1.00,1.50
2017.03.14 05:07:22.930,0.69736,0.69756,1.00,1.87
2017.03.14 05:07:23.628,0.69735,0.69755,1.00,1.12
2017.03.14 05:07:24.230,0.69736,0.69756,1.00,1.87
2017.03.14 05:07:25.231,0.69735,0.69755,1.00,1.12
2017.03.14 05:07:36.767,0.69737,0.69755,1.00,1.12
2017.03.14 05:07:36.960,0.69735,0.69755,1.50,1.12
2017.03.14 05:07:39.932,0.69736,0.69756,1.00,1.87
2017.03.14 05:07:41.253,0.69736,0.69754,1.00,1.00
2017.03.14 05:07:41.775,0.69735,0.69755,1.00,1.87
2017.03.14 05:07:42.765,0.69736,0.69755,1.00,1.12
2017.03.14 05:07:50.500,0.69737,0.69755,1.00,1.00
2017.03.14 05:07:54.917,0.69736,0.69755,1.00,1.00
2017.03.14 05:08:00.562,0.69736,0.69754,1.00,1.00
2017.03.14 05:08:04.369,0.69736,0.69755,1.00,1.00
2017.03.14 05:08:05.065,0.69736,0.69756,1.00,1.00
2017.03.14 05:08:07.829,0.69733,0.69751,1.87,1.00
2017.03.14 05:08:08.032,0.69728,0.69747,1.37,1.00
2017.03.14 05:08:08.233,0.69726,0.69746,1.12,1.00
2017.03.14 05:08:09.948,0.69725,0.69745,1.37,1.00
2017.03.14 05:08:20.248,0.69727,0.69747,1.00,1.00
2017.03.14 05:08:35.897,0.69726,0.69746,1.37,1.00
2017.03.14 05:08:36.049,0.69726,0.69744,1.37,1.00
2017.03.14 05:08:40.007,0.69727,0.69745,1.12,1.00
2017.03.14 05:08:41.983,0.69726,0.69744,1.37,1.00
2017.03.14 05:08:42.525,0.69726,0.69744,1.00,1.00
2017.03.14 05:08:42.906,0.69728,0.69744,1.00,1.00
2017.03.14 05:08:43.288,0.69728,0.69746,1.00,1.00
2017.03.14 05:08:45.831,0.69729,0.69746,1.00,1.00
2017.03.14 05:08:52.335,0.69728,0.69746,1.00,1.50
2017.03.14 05:08:55.037,0.69727,0.69745,1.12,1.00
2017.03.14 05:09:00.241,0.69728,0.69746,1.00,1.00
2017.03.14 05:09:00.342,0.69728,0.69748,1.00,1.00
2017.03.14 05:09:00.493,0.69728,0.69748,1.87,1.00
2017.03.14 05:09:15.561,0.69727,0.69747,1.37,1.00
2017.03.14 05:09:15.612,0.69727,0.69747,1.50,1.00
2017.03.14 05:09:16.513,0.69728,0.69748,1.12,1.00
2017.03.14 05:09:19.451,0.69727,0.69747,1.37,1.00
2017.03.14 05:09:19.553,0.69727,0.69745,1.37,1.00
2017.03.14 05:09:32.695,0.69726,0.69744,1.87,1.00
2017.03.14 05:09:34.306,0.69726,0.69744,1.87,1.00
2017.03.14 05:09:35.067,0.69727,0.69745,1.12,1.00
2017.03.14 05:09:54.252,0.69727,0.69745,1.37,1.00
2017.03.14 05:09:55.821,0.6973,0.69745,1.00,1.00
2017.03.14 05:09:55.872,0.6973,0.69747,1.00,1.50
2017.03.14 05:09:56.016,0.69727,0.69747,1.37,1.50
2017.03.14 05:09:56.848,0.69726,0.69746,1.87,1.00
2017.03.14 05:09:56.999,0.6973,0.69746,1.00,1.00
2017.03.14 05:09:57.109,0.69726,0.69746,1.87,1.00
2017.03.14 05:10:19.639,0.69727,0.69747,1.50,1.00
2017.03.14 05:10:25.218,0.69726,0.69746,1.75,1.00
2017.03.14 05:10:27.828,0.69726,0.69745,1.37,1.00
2017.03.14 05:10:28.438,0.69726,0.69746,1.37,1.00
2017.03.14 05:10:30.692,0.69726,0.69746,1.12,1.00
2017.03.14 05:10:31.827,0.69724,0.69744,2.62,1.00
2017.03.14 05:10:36.813,0.69726,0.69745,1.12,1.00
2017.03.14 05:10:37.111,0.69732,0.69752,1.00,1.50
2017.03.14 05:10:38.940,0.69731,0.69751,1.00,1.00
2017.03.14 05:10:39.894,0.6973,0.6975,1.12,1.00
2017.03.14 05:10:40.435,0.69731,0.69751,1.00,1.00
2017.03.14 05:10:44.180,0.69732,0.69751,1.00,1.00
2017.03.14 05:10:44.725,0.69731,0.69751,1.00,1.50
2017.03.14 05:10:46.425,0.69732,0.69752,1.00,2.25
2017.03.14 05:10:46.628,0.69733,0.69753,1.37,1.00
2017.03.14 05:10:47.152,0.69732,0.69752,1.37,1.00
2017.03.14 05:10:47.253,0.69732,0.69752,1.00,1.00
2017.03.14 05:10:47.996,0.69731,0.69751,1.00,1.00
2017.03.14 05:10:54.900,0.6973,0.69749,1.12,1.00
2017.03.14 05:10:55.794,0.6973,0.69748,1.00,1.00
2017.03.14 05:11:00.957,0.6973,0.6975,1.50,1.00
2017.03.14 05:11:04.250,0.69731,0.69751,1.00,1.12
2017.03.14 05:11:10.722,0.69732,0.69752,1.00,1.37
2017.03.14 05:11:10.773,0.69734,0.69752,1.50,1.00
2017.03.14 05:11:11.193,0.69734,0.69754,1.50,1.12
2017.03.14 05:11:14.558,0.69736,0.69754,1.00,1.00
2017.03.14 05:11:22.088,0.69735,0.69753,1.00,1.00
2017.03.14 05:11:31.718,0.69735,0.69755,1.00,1.50
2017.03.14 05:11:34.790,0.69734,0.69754,1.50,1.00
2017.03.14 05:11:42.399,0.6974,0.69759,1.37,1.37
2017.03.14 05:11:42.500,0.69742,0.6976,1.50,1.87
2017.03.14 05:11:42.601,0.69743,0.69763,1.00,1.00
2017.03.14 05:11:46.769,0.69744,0.69764,1.00,1.00
2017.03.14 05:11:48.114,0.69743,0.6976,1.00,1.00
2017.03.14 05:11:48.568,0.69742,0.69762,1.00,1.00
2017.03.14 05:11:49.586,0.69743,0.69763,1.00,1.00
2017.03.14 05:11:50.193,0.69744,0.69764,1.00,1.50
2017.03.14 05:11:55.398,0.69743,0.69763,1.00,1.00
2017.03.14 05:12:04.417,0.69742,0.69762,1.12,1.00
2017.03.14 05:12:04.619,0.6974,0.6976,1.87,1.00
2017.03.14 05:12:07.370,0.69741,0.69761,1.37,1.00
2017.03.14 05:12:10.428,0.6974,0.6976,1.87,1.00
2017.03.14 05:12:13.121,0.6974,0.69755,1.37,1.00
2017.03.14 05:12:13.171,0.69735,0.69752,1.37,1.00
2017.03.14 05:12:13.474,0.69734,0.69752,1.50,1.00
2017.03.14 05:12:13.753,0.69735,0.69755,1.00,1.12
2017.03.14 05:12:13.803,0.69739,0.69757,1.00,2.62
2017.03.14 05:12:13.904,0.69739,0.69757,1.00,1.00
2017.03.14 05:12:14.437,0.6974,0.69757,1.00,1.00
2017.03.14 05:12:14.538,0.6974,0.6976,1.50,1.12
2017.03.14 05:12:17.919,0.69739,0.69759,1.00,1.00
2017.03.14 05:12:19.090,0.69736,0.69756,1.87,1.00
2017.03.14 05:12:19.291,0.69735,0.69754,1.00,1.50
2017.03.14 05:12:19.443,0.69733,0.69753,1.12,1.00
2017.03.14 05:12:20.294,0.69732,0.69752,1.00,1.00
2017.03.14 05:12:20.889,0.69733,0.69752,1.00,1.00
2017.03.14 05:12:21.880,0.69735,0.69752,1.00,1.00
2017.03.14 05:12:32.564,0.69735,0.69751,1.00,1.00
2017.03.14 05:12:38.808,0.69731,0.69751,1.12,1.50
2017.03.14 05:12:42.435,0.69734,0.69751,1.00,1.00
2017.03.14 05:12:51.341,0.69731,0.69751,1.87,1.00
2017.03.14 05:12:51.442,0.69731,0.69749,1.37,1.00
2017.03.14 05:12:51.644,0.69729,0.69749,1.50,1.00
2017.03.14 05:12:52.271,0.6973,0.6975,1.00,1.00
2017.03.14 05:12:58.942,0.69732,0.6975,1.00,1.00
2017.03.14 05:13:04.969,0.6973,0.6975,1.00,1.00
2017.03.14 05:13:21.197,0.69731,0.69751,1.00,1.37
2017.03.14 05:13:21.803,0.69732,0.69752,1.00,1.37
2017.03.14 05:13:34.268,0.69732,0.69752,1.00,1.00
2017.03.14 05:13:58.472,0.69731,0.69751,1.00,1.00
2017.03.14 05:13:58.623,0.69729,0.69744,1.12,1.00
2017.03.14 05:13:58.846,0.69724,0.69742,1.50,1.00
2017.03.14 05:14:10.668,0.69724,0.69744,1.50,1.50
2017.03.14 05:14:25.189,0.69724,0.69742,1.50,1.00
2017.03.14 05:14:25.757,0.69724,0.69741,1.00,1.00
2017.03.14 05:14:35.149,0.69724,0.69742,1.12,1.00
2017.03.14 05:14:35.695,0.69725,0.69742,1.00,1.00
2017.03.14 05:14:36.207,0.69725,0.69741,1.50,1.00
2017.03.14 05:14:44.221,0.69726,0.69741,1.00,1.00
2017.03.14 05:14:44.373,0.69724,0.69741,1.12,1.00
2017.03.14 05:14:49.494,0.69724,0.69742,1.12,1.00
2017.03.14 05:14:49.545,0.69724,0.6974,1.12,1.00
2017.03.14 05:14:50.241,0.69723,0.6974,1.12,1.00
2017.03.14 05:14:50.558,0.69723,0.69742,1.12,1.00
2017.03.14 05:14:57.115,0.69725,0.69742,1.00,1.00
2017.03.14 05:15:02.114,0.69725,0.69743,1.00,1.00
2017.03.14 05:15:19.905,0.69724,0.69743,1.00,1.00
2017.03.14 05:15:27.875,0.69723,0.69743,1.00,1.50
2017.03.14 05:15:28.342,0.69726,0.69743,1.00,1.00
2017.03.14 05:15:29.084,0.69724,0.69743,1.50,1.00
2017.03.14 05:15:29.135,0.69724,0.69741,1.50,1.00
2017.03.14 05:15:29.342,0.69722,0.6974,1.87,1.00
2017.03.14 05:15:29.393,0.69722,0.69738,1.87,1.00
2017.03.14 05:15:30.085,0.6972,0.69738,1.12,1.00
2017.03.14 05:15:33.999,0.69722,0.69741,1.00,1.00
2017.03.14 05:15:34.152,0.69722,0.69739,1.00,1.00
2017.03.14 05:15:34.365,0.6972,0.69739,1.12,1.00
2017.03.14 05:15:34.567,0.6972,0.69736,1.12,1.00
2017.03.14 05:15:34.927,0.69718,0.69736,1.00,1.00
2017.03.14 05:15:35.743,0.6972,0.69736,1.00,1.00
2017.03.14 05:15:36.877,0.69719,0.69736,1.00,1.00
2017.03.14 05:15:39.414,0.69719,0.69737,1.00,1.00
2017.03.14 05:15:41.800,0.69719,0.69736,1.00,1.00
2017.03.14 05:15:48.262,0.69718,0.69736,1.00,1.00
2017.03.14 05:15:49.354,0.69719,0.69736,1.50,1.00
2017.03.14 05:15:58.266,0.69719,0.69735,1.00,1.00
2017.03.14 05:15:58.900,0.6972,0.69735,1.00,1.00
2017.03.14 05:16:02.820,0.69717,0.69735,1.00,1.00
2017.03.14 05:16:12.345,0.69719,0.69735,1.00,1.00
2017.03.14 05:16:12.926,0.69719,0.69736,1.00,1.00
2017.03.14 05:16:18.765,0.69719,0.69738,1.00,1.50
2017.03.14 05:16:29.155,0.6972,0.69738,1.00,1.50
2017.03.14 05:16:54.287,0.69721,0.69739,1.00,1.50
2017.03.14 05:16:54.815,0.6972,0.69738,1.50,1.00
2017.03.14 05:16:56.003,0.6972,0.69739,1.50,1.00
2017.03.14 05:17:18.947,0.6972,0.6974,1.00,1.00
2017.03.14 05:17:19.482,0.69721,0.6974,1.12,1.50
2017.03.14 05:17:34.265,0.6972,0.6974,1.87,1.50
2017.03.14 05:17:43.243,0.6972,0.69739,1.12,1.00
2017.03.14 05:17:48.704,0.69721,0.69741,1.00,1.50
2017.03.14 05:17:49.448,0.6972,0.6974,1.87,1.50
2017.03.14 05:17:49.547,0.6972,0.6974,1.12,3.37
2017.03.14 05:17:49.648,0.6972,0.6974,1.00,1.50
2017.03.14 05:17:49.749,0.69719,0.69738,1.00,1.00
2017.03.14 05:17:50.698,0.69719,0.69739,1.50,1.50
2017.03.14 05:17:52.972,0.69721,0.69739,1.00,1.00
2017.03.14 05:17:55.584,0.69722,0.6974,1.00,1.00
2017.03.14 05:17:56.102,0.69721,0.69741,1.00,1.00
2017.03.14 05:17:57.905,0.6972,0.69738,1.00,1.00
2017.03.14 05:18:01.260,0.6972,0.6974,1.50,1.00
2017.03.14 05:18:01.464,0.69725,0.6974,1.00,1.00
2017.03.14 05:18:02.015,0.69725,0.69741,1.00,1.00
2017.03.14 05:18:05.162,0.69724,0.69743,1.00,1.00
2017.03.14 05:18:05.213,0.69726,0.69746,1.00,1.37
2017.03.14 05:18:05.516,0.69725,0.69742,1.00,1.00
2017.03.14 05:18:06.204,0.69722,0.69742,1.37,1.00
2017.03.14 05:18:07.057,0.69725,0.69742,1.00,1.00
2017.03.14 05:18:07.108,0.69724,0.69744,1.12,1.00
2017.03.14 05:18:07.158,0.69722,0.69742,1.37,1.00
2017.03.14 05:18:07.767,0.69725,0.69742,1.00,1.12
2017.03.14 05:18:08.414,0.69724,0.69742,1.00,1.12
2017.03.14 05:18:09.500,0.69725,0.69742,1.00,1.12
2017.03.14 05:18:10.165,0.69724,0.69742,1.00,1.00
2017.03.14 05:18:14.201,0.69724,0.69744,1.50,1.00
2017.03.14 05:18:30.719,0.69723,0.69743,1.00,1.00
2017.03.14 05:18:33.142,0.69724,0.69744,1.00,1.00
2017.03.14 05:18:35.476,0.69723,0.69743,1.00,1.12
2017.03.14 05:18:41.208,0.69724,0.69744,1.00,1.00
2017.03.14 05:18:43.884,0.69724,0.69744,1.00,2.62
2017.03.14 05:18:43.985,0.69724,0.69744,1.50,1.12
2017.03.14 05:18:44.154,0.69724,0.69744,1.50,2.62
2017.03.14 05:18:44.663,0.69724,0.69744,1.00,1.37
2017.03.14 05:18:45.548,0.69724,0.69744,1.00,1.00
2017.03.14 05:18:46.314,0.69725,0.69743,1.00,1.00
2017.03.14 05:19:00.299,0.69724,0.69744,1.50,1.00
2017.03.14 05:19:04.965,0.69724,0.69743,1.00,1.00
2017.03.14 05:19:05.625,0.69723,0.69743,1.12,1.00
2017.03.14 05:19:09.306,0.69724,0.69744,1.00,1.00
2017.03.14 05:19:11.610,0.69721,0.69741,1.37,1.00
2017.03.14 05:19:11.912,0.69721,0.69739,1.00,1.00
2017.03.14 05:19:13.066,0.69721,0.69741,1.00,1.00
2017.03.14 05:19:22.741,0.6972,0.6974,1.00,1.00
2017.03.14 05:19:23.508,0.69719,0.69739,1.87,1.00
2017.03.14 05:19:26.297,0.69721,0.69739,1.00,1.00
2017.03.14 05:19:35.749,0.6972,0.69738,1.00,1.00
2017.03.14 05:19:50.750,0.69719,0.69737,1.87,1.00
2017.03.14 05:19:50.902,0.69719,0.69739,1.87,1.00
2017.03.14 05:19:51.717,0.6972,0.6974,1.00,1.00
2017.03.14 05:20:13.098,0.6972,0.69738,1.00,1.00
2017.03.14 05:20:14.611,0.69721,0.69738,1.00,1.00
2017.03.14 05:20:20.849,0.6972,0.69738,1.50,1.00
2017.03.14 05:20:21.610,0.6972,0.69739,1.50,1.00
2017.03.14 05:20:38.136,0.69719,0.69739,2.62,1.50
2017.03.14 05:20:38.672,0.6972,0.69739,1.00,1.00
2017.03.14 05:20:43.793,0.6972,0.69738,1.00,1.00
2017.03.14 05:20:48.895,0.6972,0.6974,1.00,1.50
2017.03.14 05:20:59.966,0.6972,0.69738,1.50,1.00
2017.03.14 05:21:00.663,0.69719,0.69738,1.00,1.00
2017.03.14 05:21:05.056,0.6972,0.69738,1.00,2.25
2017.03.14 05:21:05.745,0.69719,0.69738,1.00,2.25
2017.03.14 05:21:06.316,0.69719,0.69737,1.00,1.00
2017.03.14 05:21:20.833,0.69718,0.69737,1.12,1.00
2017.03.14 05:21:21.286,0.6972,0.69737,1.00,1.00
2017.03.14 05:21:30.261,0.6972,0.69738,1.00,2.25
2017.03.14 05:21:31.062,0.69719,0.69738,1.50,1.00
2017.03.14 05:21:34.132,0.69719,0.69739,1.50,1.00
2017.03.14 05:21:34.475,0.6972,0.6974,2.62,1.50
2017.03.14 05:21:42.005,0.6972,0.69738,2.62,1.00
2017.03.14 05:21:51.722,0.6972,0.69739,1.37,1.50
2017.03.14 05:21:54.264,0.69719,0.69739,1.50,1.50
2017.03.14 05:21:55.622,0.69719,0.69738,1.50,1.00
2017.03.14 05:22:02.804,0.6972,0.69738,1.00,1.00
2017.03.14 05:22:08.019,0.6972,0.6974,1.50,1.50
2017.03.14 05:22:13.315,0.6972,0.69739,1.50,1.00
2017.03.14 05:22:16.644,0.6972,0.6974,1.50,1.50
2017.03.14 05:22:29.842,0.69719,0.69739,1.87,1.50
2017.03.14 05:22:30.359,0.69719,0.69738,1.12,1.00
2017.03.14 05:22:32.078,0.6972,0.69738,1.00,1.00
2017.03.14 05:22:36.108,0.69721,0.69739,1.00,1.50
2017.03.14 05:22:41.687,0.6972,0.69738,1.00,1.00
2017.03.14 05:22:50.370,0.69721,0.69739,1.00,1.00
2017.03.14 05:22:51.067,0.69721,0.6974,1.00,1.00
2017.03.14 05:22:51.727,0.6972,0.6974,1.50,1.50
2017.03.14 05:23:04.731,0.6972,0.69739,1.50,1.00
2017.03.14 05:23:05.257,0.69719,0.69739,1.50,1.50
2017.03.14 05:23:05.921,0.6972,0.69739,1.00,1.50
2017.03.14 05:23:14.632,0.6972,0.6974,1.50,1.87
2017.03.14 05:23:15.140,0.6972,0.69739,1.00,1.00
2017.03.14 05:23:19.194,0.6972,0.69738,1.00,1.00
2017.03.14 05:23:19.735,0.69719,0.69738,1.00,1.00
2017.03.14 05:23:21.198,0.69719,0.69739,1.50,1.00
2017.03.14 05:23:33.166,0.6972,0.6974,1.00,3.00
2017.03.14 05:23:33.479,0.6972,0.69738,1.00,1.00
2017.03.14 05:23:34.019,0.69719,0.69738,1.00,1.00
2017.03.14 05:23:34.638,0.6972,0.69739,1.00,2.25
2017.03.14 05:23:35.681,0.69719,0.69739,1.00,2.25
2017.03.14 05:23:38.202,0.69721,0.69739,1.00,1.00
2017.03.14 05:24:18.794,0.69719,0.69738,1.87,1.00
2017.03.14 05:24:19.499,0.69719,0.69739,1.87,1.50
2017.03.14 05:24:20.041,0.6972,0.6974,1.00,1.50
2017.03.14 05:24:21.280,0.69719,0.69739,1.87,1.00
2017.03.14 05:24:21.841,0.6972,0.6974,1.00,1.00
2017.03.14 05:24:37.807,0.69719,0.69739,1.87,1.00
2017.03.14 05:24:38.972,0.69722,0.6974,1.00,1.00
2017.03.14 05:24:42.160,0.69722,0.69741,1.00,1.00
2017.03.14 05:24:42.468,0.69724,0.69742,1.50,1.00
2017.03.14 05:24:43.100,0.69724,0.69743,1.50,1.00
2017.03.14 05:24:43.664,0.69725,0.69743,1.00,1.00
2017.03.14 05:24:48.041,0.69725,0.69744,1.00,1.50
2017.03.14 05:24:48.991,0.69724,0.69744,1.50,1.50
2017.03.14 05:24:59.150,0.69723,0.69743,1.12,1.00
2017.03.14 05:24:59.689,0.69722,0.6974,1.00,1.00
2017.03.14 05:25:00.999,0.69722,0.69742,1.00,1.50
2017.03.14 05:25:01.050,0.69724,0.69742,1.50,1.50
2017.03.14 05:25:01.151,0.69724,0.69744,1.87,1.00
2017.03.14 05:25:01.202,0.69726,0.69744,1.00,1.00
2017.03.14 05:25:01.968,0.69726,0.69744,1.37,1.00
2017.03.14 05:25:02.138,0.69726,0.69746,1.37,1.00
2017.03.14 05:25:02.760,0.69727,0.69747,1.12,1.00
2017.03.14 05:25:06.442,0.69729,0.69747,1.00,1.00
2017.03.14 05:25:09.100,0.6973,0.69748,1.00,1.00
2017.03.14 05:25:09.302,0.6973,0.6975,1.00,1.50
2017.03.14 05:25:10.164,0.6973,0.69748,1.00,1.00
2017.03.14 05:25:16.218,0.69728,0.69748,1.00,1.50
2017.03.14 05:25:16.319,0.6973,0.69748,1.00,1.50
2017.03.14 05:25:21.457,0.69729,0.69748,1.00,1.00
2017.03.14 05:25:23.191,0.69728,0.69748,1.00,1.00
2017.03.14 05:25:23.716,0.6973,0.69748,1.00,1.00
2017.03.14 05:25:27.070,0.6973,0.69749,1.00,1.00
2017.03.14 05:25:37.436,0.6973,0.6975,1.50,1.87
2017.03.14 05:25:37.911,0.6973,0.69748,1.50,1.00
2017.03.14 05:25:51.974,0.69728,0.69748,1.12,1.00
2017.03.14 05:25:52.024,0.69728,0.69746,1.12,1.00
2017.03.14 05:25:52.627,0.69729,0.69746,1.00,1.00
2017.03.14 05:25:53.308,0.69729,0.69747,1.00,1.00
2017.03.14 05:26:21.559,0.69728,0.69746,1.00,1.00
2017.03.14 05:26:26.778,0.69729,0.69746,1.00,1.00
2017.03.14 05:26:27.311,0.69728,0.69746,1.12,1.00
2017.03.14 05:26:28.888,0.69729,0.69746,1.00,1.00
2017.03.14 05:26:32.768,0.69728,0.69746,1.12,1.00
2017.03.14 05:26:42.315,0.69729,0.69746,1.00,1.00
2017.03.14 05:26:44.613,0.69728,0.69746,1.12,1.00
2017.03.14 05:27:06.380,0.6973,0.69747,1.00,1.00
2017.03.14 05:27:08.426,0.6973,0.69746,1.00,1.00
2017.03.14 05:27:10.110,0.69728,0.69746,1.00,1.00
2017.03.14 05:27:12.250,0.69726,0.69746,1.12,1.00
2017.03.14 05:27:12.918,0.69729,0.69747,1.00,1.00
2017.03.14 05:27:14.735,0.6973,0.69747,1.00,1.00
2017.03.14 05:27:14.950,0.69727,0.69747,1.00,1.00
2017.03.14 05:27:15.488,0.69726,0.69746,1.12,1.00
2017.03.14 05:27:15.985,0.69728,0.69746,1.00,1.50
2017.03.14 05:27:16.912,0.69727,0.69745,1.00,1.00
2017.03.14 05:27:21.720,0.69725,0.69745,1.37,1.00
2017.03.14 05:27:22.624,0.69726,0.69744,1.12,1.00
2017.03.14 05:27:23.500,0.69727,0.69747,1.00,1.50
2017.03.14 05:27:25.254,0.69727,0.69746,1.00,1.00
2017.03.14 05:27:27.258,0.69727,0.69747,1.00,1.00
2017.03.14 05:27:34.858,0.6973,0.69747,1.00,1.00
2017.03.14 05:27:35.352,0.69727,0.69747,1.00,1.00
2017.03.14 05:27:35.403,0.69725,0.69745,1.87,1.00
2017.03.14 05:27:35.706,0.69725,0.69743,1.00,1.00
2017.03.14 05:27:41.605,0.69723,0.69743,1.50,1.00
2017.03.14 05:27:44.543,0.69723,0.69741,1.00,1.00
2017.03.14 05:27:51.755,0.69724,0.69742,1.00,1.00
2017.03.14 05:27:52.950,0.69721,0.69739,1.37,1.00
2017.03.14 05:27:53.252,0.6972,0.69737,1.37,1.00
2017.03.14 05:27:53.353,0.69717,0.69737,1.12,1.00
2017.03.14 05:27:53.655,0.6972,0.69738,1.00,1.00
2017.03.14 05:27:54.557,0.6972,0.69739,1.00,1.00
2017.03.14 05:27:57.318,0.6972,0.69738,1.00,1.00
2017.03.14 05:28:04.311,0.69719,0.69738,1.00,1.00
2017.03.14 05:28:04.412,0.69721,0.69741,1.00,1.87
2017.03.14 05:28:04.961,0.69722,0.69742,1.12,1.00
2017.03.14 05:28:05.316,0.69725,0.69745,1.00,1.50
2017.03.14 05:28:06.072,0.69725,0.69743,1.00,1.00
2017.03.14 05:28:12.394,0.69723,0.69743,1.37,1.00
2017.03.14 05:28:14.400,0.69726,0.69744,1.00,1.00
2017.03.14 05:28:14.630,0.69723,0.69743,1.37,1.00
2017.03.14 05:28:21.696,0.69724,0.69744,1.12,1.00
2017.03.14 05:28:28.367,0.69721,0.69739,1.87,1.00
2017.03.14 05:28:28.637,0.69719,0.69737,1.50,1.12
2017.03.14 05:28:30.776,0.69718,0.69736,1.00,1.00
2017.03.14 05:28:42.407,0.69719,0.69737,1.00,1.00
2017.03.14 05:28:50.864,0.6972,0.69737,1.00,1.00
2017.03.14 05:28:51.998,0.6972,0.69738,1.00,1.00
2017.03.14 05:28:52.115,0.69718,0.69738,1.00,1.00
2017.03.14 05:28:52.880,0.69719,0.69738,1.00,1.00
2017.03.14 05:28:58.214,0.69718,0.69738,1.00,1.00
2017.03.14 05:28:58.279,0.69717,0.69736,1.12,1.00
2017.03.14 05:29:04.883,0.69718,0.69738,1.00,1.12
2017.03.14 05:29:09.682,0.69719,0.69739,1.00,1.87
2017.03.14 05:29:10.296,0.6972,0.6974,1.50,1.00
2017.03.14 05:29:11.109,0.69719,0.69739,1.50,1.00
2017.03.14 05:29:11.160,0.69719,0.69737,1.87,1.87
2017.03.14 05:29:11.439,0.6972,0.6974,1.50,1.50
2017.03.14 05:29:11.816,0.69718,0.69737,1.37,1.00
2017.03.14 05:29:11.917,0.69717,0.69737,1.00,1.00
2017.03.14 05:29:12.214,0.6972,0.69737,1.00,1.00
2017.03.14 05:29:12.936,0.6972,0.69738,1.00,1.00
2017.03.14 05:29:18.883,0.69718,0.69738,1.00,1.00
2017.03.14 05:29:26.329,0.6972,0.69738,1.00,1.00
2017.03.14 05:29:29.159,0.69718,0.69738,1.00,1.00
2017.03.14 05:30:00.633,0.6972,0.69738,1.00,1.00
2017.03.14 05:30:00.816,0.69718,0.69738,1.00,1.00
2017.03.14 05:30:05.614,0.69719,0.69738,1.00,1.00
2017.03.14 05:30:06.197,0.69718,0.69738,1.00,1.00
2017.03.14 05:30:12.610,0.69717,0.69737,1.50,1.00
2017.03.14 05:30:22.039,0.69718,0.69737,1.00,1.00
2017.03.14 05:30:34.567,0.69718,0.69738,1.00,1.87
2017.03.14 05:30:41.312,0.69718,0.69737,1.00,1.00
2017.03.14 05:30:57.071,0.69714,0.69734,3.00,1.00
2017.03.14 05:30:57.402,0.6971,0.69729,1.00,1.50
2017.03.14 05:30:57.453,0.69709,0.69727,1.87,1.00
2017.03.14 05:30:57.655,0.69711,0.69731,1.00,1.87
2017.03.14 05:30:57.706,0.69709,0.69728,1.50,1.00
2017.03.14 05:30:58.159,0.69711,0.69729,1.00,1.00
2017.03.14 05:30:58.462,0.69709,0.69728,1.50,1.00
2017.03.14 05:31:02.716,0.6971,0.69729,1.00,1.50
2017.03.14 05:31:05.158,0.6971,0.69728,1.00,1.00
2017.03.14 05:31:06.734,0.69709,0.69728,1.00,1.00
2017.03.14 05:31:12.444,0.69709,0.69728,1.00,1.87
2017.03.14 05:31:12.496,0.69704,0.69721,1.87,1.00
2017.03.14 05:31:12.597,0.69701,0.69721,1.87,1.87
2017.03.14 05:31:12.743,0.69701,0.69718,1.00,1.00
2017.03.14 05:31:12.868,0.69705,0.69722,1.00,1.50
2017.03.14 05:31:13.071,0.69705,0.69725,1.00,1.50
2017.03.14 05:31:13.572,0.69706,0.69726,1.00,2.25
2017.03.14 05:31:17.716,0.69708,0.69726,1.00,1.12
2017.03.14 05:31:18.285,0.69707,0.69727,1.00,1.50
2017.03.14 05:31:18.900,0.69707,0.69725,1.00,1.00
2017.03.14 05:31:21.628,0.69708,0.69726,1.00,1.00
2017.03.14 05:31:22.824,0.69709,0.69727,1.00,1.00
2017.03.14 05:31:23.816,0.69707,0.69727,1.00,1.00
2017.03.14 05:31:26.062,0.69708,0.69728,1.00,1.87
2017.03.14 05:31:34.645,0.69709,0.69728,1.00,1.12
2017.03.14 05:31:37.459,0.69709,0.69729,1.00,1.12
2017.03.14 05:31:38.101,0.6971,0.6973,1.00,2.62
2017.03.14 05:31:42.768,0.6971,0.69728,1.00,1.00
2017.03.14 05:32:14.274,0.6971,0.6973,1.00,1.12
2017.03.14 05:32:14.867,0.69709,0.69729,1.50,1.00
2017.03.14 05:32:21.256,0.69711,0.69731,1.00,1.50
2017.03.14 05:32:21.559,0.69715,0.69733,1.00,1.12
2017.03.14 05:32:22.066,0.69715,0.69731,1.00,1.00
2017.03.14 05:32:22.759,0.69715,0.69734,1.00,1.37
2017.03.14 05:32:22.892,0.69717,0.69735,1.00,1.50
2017.03.14 05:32:23.094,0.69716,0.69736,1.37,1.00
2017.03.14 05:32:23.770,0.69715,0.69735,1.00,1.00
2017.03.14 05:32:28.822,0.69719,0.69737,1.00,1.87
2017.03.14 05:32:49.323,0.6972,0.69737,1.00,1.00
2017.03.14 05:32:49.525,0.6972,0.69739,1.00,1.00
2017.03.14 05:32:50.349,0.69719,0.69739,1.50,1.00
2017.03.14 05:32:56.015,0.6972,0.69739,1.00,1.12
2017.03.14 05:32:57.918,0.69721,0.69739,1.00,1.12
2017.03.14 05:33:11.018,0.69721,0.69739,1.00,2.62
2017.03.14 05:33:11.069,0.69719,0.69738,1.00,1.37
2017.03.14 05:33:12.285,0.6972,0.69738,1.00,1.37
2017.03.14 05:33:13.511,0.6972,0.69738,1.00,1.00
2017.03.14 05:33:14.393,0.69718,0.69738,1.00,1.00
2017.03.14 05:33:17.306,0.69719,0.69738,1.00,1.00
2017.03.14 05:33:22.398,0.6972,0.69738,1.00,1.00
2017.03.14 05:33:52.459,0.69718,0.69738,1.00,1.00
2017.03.14 05:33:54.704,0.69718,0.69736,1.00,1.00
2017.03.14 05:34:15.059,0.69719,0.69737,1.00,1.00
2017.03.14 05:34:15.994,0.69716,0.69736,1.00,1.00
2017.03.14 05:34:16.044,0.6972,0.69736,1.00,1.00
2017.03.14 05:34:16.246,0.69719,0.69739,1.50,1.12
2017.03.14 05:34:17.966,0.6972,0.6974,1.00,1.12
2017.03.14 05:34:18.118,0.69725,0.69743,1.00,1.87
2017.03.14 05:34:18.370,0.69727,0.69745,1.00,1.00
2017.03.14 05:34:18.572,0.69724,0.69744,1.00,1.50
2017.03.14 05:34:19.084,0.69723,0.69743,1.00,1.00
2017.03.14 05:34:22.374,0.69724,0.69744,1.00,1.50
2017.03.14 05:34:23.355,0.69723,0.69743,1.00,1.00
2017.03.14 05:34:23.814,0.69721,0.69739,1.87,1.00
2017.03.14 05:34:23.966,0.69718,0.69737,1.37,1.00
2017.03.14 05:34:45.468,0.69717,0.69737,1.37,1.00
2017.03.14 05:35:05.431,0.69717,0.69737,1.00,1.00
2017.03.14 05:35:06.623,0.6972,0.69737,1.00,1.00
2017.03.14 05:35:11.972,0.69717,0.69737,1.00,1.00
2017.03.14 05:35:12.354,0.69716,0.69736,1.12,1.37
2017.03.14 05:35:12.730,0.69714,0.69734,2.25,1.00
2017.03.14 05:35:29.725,0.69715,0.69734,1.00,1.00
2017.03.14 05:35:32.524,0.69714,0.69734,1.50,1.00
2017.03.14 05:35:33.136,0.69711,0.69728,1.12,1.00
2017.03.14 05:35:33.438,0.69715,0.6973,1.00,1.50
2017.03.14 05:35:34.282,0.69715,0.69731,1.00,1.50
2017.03.14 05:35:34.416,0.69711,0.69731,1.00,1.50
2017.03.14 05:35:34.534,0.6971,0.69728,1.50,1.00
2017.03.14 05:35:35.743,0.69715,0.6973,1.00,1.00
2017.03.14 05:35:36.616,0.6971,0.6973,1.00,1.00
2017.03.14 05:35:37.670,0.69709,0.69729,1.87,1.00
2017.03.14 05:35:42.135,0.69709,0.69728,1.12,1.00
2017.03.14 05:35:42.678,0.6971,0.6973,1.50,1.50
2017.03.14 05:35:43.664,0.6971,0.69729,1.00,1.00
2017.03.14 05:35:52.700,0.69711,0.69729,1.00,1.00
2017.03.14 05:35:58.279,0.6971,0.69729,1.00,1.00
2017.03.14 05:36:04.038,0.69709,0.69728,1.12,1.00
2017.03.14 05:36:06.744,0.6971,0.69728,1.00,1.00
2017.03.14 05:36:07.867,0.69709,0.69728,1.00,1.00
2017.03.14 05:36:13.018,0.69709,0.69729,1.50,1.00
2017.03.14 05:36:22.761,0.69709,0.69728,1.00,1.00
2017.03.14 05:36:41.365,0.69709,0.69729,1.50,1.00
2017.03.14 05:36:43.370,0.69709,0.69727,1.50,1.00
2017.03.14 05:36:52.275,0.6971,0.69728,1.00,1.00
2017.03.14 05:36:52.802,0.69711,0.69729,1.00,1.00
2017.03.14 05:36:58.399,0.69709,0.69729,1.50,1.00
2017.03.14 05:37:03.788,0.69709,0.69727,1.50,1.00
2017.03.14 05:37:07.888,0.69709,0.69728,1.00,1.00
2017.03.14 05:37:30.231,0.6971,0.69728,1.00,1.00
2017.03.14 05:37:33.115,0.69709,0.69728,1.00,1.00
2017.03.14 05:38:07.879,0.69707,0.69731,1.00,2.25
2017.03.14 05:38:07.930,0.6971,0.69731,1.00,1.12
2017.03.14 05:38:08.232,0.6971,0.69728,1.50,1.00
2017.03.14 05:38:13.589,0.6971,0.69727,1.00,1.00
2017.03.14 05:38:13.639,0.6971,0.69729,1.00,1.00
2017.03.14 05:38:14.974,0.6971,0.69728,1.00,1.00
2017.03.14 05:38:23.000,0.6971,0.69729,1.00,1.00
2017.03.14 05:38:30.808,0.69709,0.69729,1.50,1.00
2017.03.14 05:39:00.661,0.6971,0.6973,1.00,1.00
2017.03.14 05:39:00.762,0.69712,0.69732,1.00,1.50
2017.03.14 05:39:01.070,0.69714,0.69734,1.00,2.62
2017.03.14 05:39:01.799,0.69715,0.69734,1.00,1.37
2017.03.14 05:39:06.934,0.69716,0.69736,1.00,3.00
2017.03.14 05:39:07.035,0.69718,0.69736,1.00,1.87
2017.03.14 05:39:08.003,0.69715,0.69735,1.87,1.00
2017.03.14 05:39:08.609,0.69718,0.69736,1.00,1.00
2017.03.14 05:39:09.487,0.69719,0.69737,1.00,1.00
2017.03.14 05:39:10.848,0.69719,0.69739,1.00,1.12
2017.03.14 05:39:14.036,0.69719,0.69739,1.37,1.00
2017.03.14 05:39:14.713,0.6972,0.6974,1.87,1.50
2017.03.14 05:39:16.179,0.6972,0.69739,1.87,1.00
2017.03.14 05:39:19.355,0.6972,0.6974,1.87,1.50
2017.03.14 05:39:20.032,0.6972,0.69739,1.87,1.00
2017.03.14 05:39:29.012,0.6972,0.6974,1.87,1.50
2017.03.14 05:39:31.756,0.69722,0.6974,1.00,1.50
2017.03.14 05:39:32.132,0.69722,0.69738,1.00,1.00
2017.03.14 05:39:32.489,0.69721,0.6974,1.00,1.50
2017.03.14 05:39:33.038,0.69721,0.69739,1.00,1.50
2017.03.14 05:39:39.780,0.69721,0.6974,1.00,1.00
2017.03.14 05:39:43.349,0.69721,0.69741,1.00,2.62
2017.03.14 05:39:43.886,0.69721,0.6974,1.00,1.00
2017.03.14 05:39:44.769,0.6972,0.6974,1.12,2.25
2017.03.14 05:39:44.819,0.6972,0.69738,1.12,1.00
2017.03.14 05:39:45.344,0.69718,0.69737,1.87,1.00
2017.03.14 05:39:50.770,0.69719,0.69738,1.87,1.00
2017.03.14 05:39:51.073,0.69722,0.6974,1.00,1.50
2017.03.14 05:39:51.942,0.69722,0.69741,1.00,2.25
2017.03.14 05:39:52.406,0.69724,0.69742,1.00,1.00
2017.03.14 05:39:52.709,0.69725,0.69743,1.37,1.00
2017.03.14 05:40:00.431,0.69724,0.69744,1.87,1.00
2017.03.14 05:40:08.127,0.69724,0.69744,2.62,1.00
2017.03.14 05:40:08.751,0.69726,0.69746,1.00,1.12
2017.03.14 05:40:23.350,0.69725,0.69745,1.00,1.00
2017.03.14 05:40:35.218,0.69725,0.69745,1.50,1.37
2017.03.14 05:40:35.862,0.69724,0.69744,1.87,1.00
2017.03.14 05:40:58.882,0.69725,0.69745,1.00,1.00
2017.03.14 05:41:06.329,0.69725,0.69743,1.12,1.00
2017.03.14 05:41:08.368,0.69725,0.69745,1.12,1.00
2017.03.14 05:41:08.992,0.69726,0.69746,1.00,1.00
2017.03.14 05:41:22.374,0.69727,0.69747,1.00,1.00
2017.03.14 05:41:22.994,0.69728,0.69748,1.12,1.00
2017.03.14 05:41:23.654,0.69729,0.69749,1.00,1.00
2017.03.14 05:41:26.883,0.69729,0.69747,1.00,1.00
2017.03.14 05:41:27.433,0.69726,0.69746,1.37,1.00
2017.03.14 05:41:45.451,0.69726,0.69746,1.00,1.00
2017.03.14 05:41:53.422,0.69725,0.69745,1.87,1.00
2017.03.14 05:42:05.189,0.69726,0.69746,1.00,1.50
2017.03.14 05:42:05.341,0.69726,0.69744,1.00,1.00
2017.03.14 05:42:33.439,0.69726,0.69746,1.00,1.00
2017.03.14 05:42:33.540,0.69727,0.69747,1.37,1.50
2017.03.14 05:42:34.292,0.69729,0.69747,1.00,1.00
2017.03.14 05:42:34.918,0.69729,0.69748,1.50,1.00
2017.03.14 05:42:35.469,0.69729,0.69749,1.00,1.87
2017.03.14 05:42:38.618,0.69728,0.69748,1.12,1.00
2017.03.14 05:42:39.269,0.69729,0.69749,1.00,1.87
2017.03.14 05:42:39.933,0.69728,0.69748,1.12,1.00
2017.03.14 05:42:42.087,0.69729,0.69749,1.00,1.87
2017.03.14 05:42:45.925,0.6973,0.69749,1.00,1.12
2017.03.14 05:42:46.505,0.6973,0.6975,1.50,1.87
2017.03.14 05:42:47.009,0.69729,0.69749,1.50,1.50
2017.03.14 05:42:52.335,0.69732,0.69749,1.00,1.00
2017.03.14 05:42:53.393,0.6973,0.69749,1.37,1.00
2017.03.14 05:42:53.935,0.6973,0.69749,1.00,1.00
2017.03.14 05:42:54.565,0.69729,0.69749,1.50,1.50
2017.03.14 05:43:54.169,0.69727,0.6975,1.50,1.87
2017.03.14 05:43:54.830,0.69727,0.6975,1.50,1.50
2017.03.14 05:43:56.749,0.6973,0.6975,1.00,2.25
2017.03.14 05:44:03.974,0.69729,0.69749,1.50,1.00
2017.03.14 05:44:07.852,0.6973,0.69749,1.00,1.00
2017.03.14 05:44:08.419,0.6973,0.69749,1.37,1.00
2017.03.14 05:44:14.733,0.69732,0.6975,1.00,1.00
2017.03.14 05:44:15.037,0.69736,0.69755,1.00,1.37
2017.03.14 05:44:15.768,0.69735,0.69754,1.37,1.00
2017.03.14 05:44:25.376,0.69734,0.69754,1.00,1.50
2017.03.14 05:44:38.921,0.69733,0.69749,1.37,1.00
2017.03.14 05:44:39.234,0.69729,0.69747,1.00,1.00
2017.03.14 05:44:39.340,0.69729,0.69749,1.00,1.50
2017.03.14 05:44:46.736,0.69731,0.69749,1.00,1.50
2017.03.14 05:44:52.424,0.69731,0.6975,1.00,1.00
2017.03.14 05:44:57.948,0.69731,0.69751,1.50,1.50
2017.03.14 05:44:58.940,0.6973,0.6975,1.50,1.50
2017.03.14 05:44:59.470,0.6973,0.69749,1.50,1.00
2017.03.14 05:45:00.075,0.6973,0.69748,1.50,1.00
2017.03.14 05:45:07.332,0.69731,0.69749,1.00,1.50
2017.03.14 05:45:14.483,0.69729,0.69747,1.00,1.00
2017.03.14 05:45:14.786,0.69731,0.69748,1.00,1.00
2017.03.14 05:45:14.837,0.69732,0.6975,1.00,1.50
2017.03.14 05:45:15.411,0.69732,0.69751,1.50,1.00
2017.03.14 05:45:17.550,0.69732,0.6975,1.00,1.37
2017.03.14 05:45:17.852,0.69725,0.69741,1.37,1.00
2017.03.14 05:45:17.953,0.69724,0.69741,1.00,1.00
2017.03.14 05:45:18.071,0.69722,0.69741,1.50,1.00
2017.03.14 05:45:18.604,0.69722,0.69742,1.00,1.00
2017.03.14 05:45:19.017,0.69724,0.69742,1.00,1.00
2017.03.14 05:45:20.858,0.69722,0.69742,1.00,1.00
2017.03.14 05:45:22.317,0.69724,0.69742,1.00,1.00
2017.03.14 05:45:23.841,0.69724,0.69743,1.00,1.50
2017.03.14 05:45:40.234,0.69725,0.69745,1.00,1.50
2017.03.14 05:45:40.386,0.69725,0.69743,1.00,1.00
2017.03.14 05:45:41.034,0.69724,0.69743,1.50,1.00
2017.03.14 05:45:43.170,0.69724,0.69743,1.87,1.00
2017.03.14 05:46:00.123,0.69725,0.69744,1.00,1.00
2017.03.14 05:46:00.646,0.69725,0.69743,1.00,1.00
2017.03.14 05:46:04.735,0.69724,0.69743,1.87,1.00
2017.03.14 05:46:34.681,0.69724,0.69744,2.25,1.50
2017.03.14 05:46:35.465,0.69724,0.69742,2.25,1.00
2017.03.14 05:46:41.251,0.69724,0.69744,2.25,1.87
2017.03.14 05:46:42.019,0.69724,0.69742,1.12,1.00
2017.03.14 05:46:42.592,0.69722,0.69742,1.12,1.50
2017.03.14 05:46:42.743,0.69726,0.69744,1.00,1.12
2017.03.14 05:46:43.068,0.69724,0.69742,1.87,1.00
2017.03.14 05:46:43.671,0.69724,0.69743,1.87,1.00
2017.03.14 05:46:58.071,0.69726,0.69743,1.00,1.00
2017.03.14 05:46:58.805,0.69726,0.69744,1.00,1.00
2017.03.14 05:47:09.093,0.69724,0.69744,1.87,1.00
2017.03.14 05:47:14.130,0.69724,0.69744,1.37,1.87
2017.03.14 05:47:22.556,0.69724,0.69744,1.87,1.00
2017.03.14 05:47:23.556,0.69724,0.69743,1.12,1.00
2017.03.14 05:47:28.850,0.69725,0.69744,1.00,1.12
2017.03.14 05:47:29.599,0.69725,0.69743,1.00,1.00
2017.03.14 05:47:30.136,0.69724,0.69743,1.87,1.12
2017.03.14 05:47:59.719,0.69724,0.69741,1.00,1.00
2017.03.14 05:48:05.366,0.69723,0.69741,1.00,1.00
2017.03.14 05:48:05.671,0.69725,0.69741,1.00,1.00
2017.03.14 05:48:05.722,0.69725,0.69743,1.00,1.87
2017.03.14 05:48:05.921,0.69723,0.69743,1.00,1.87
2017.03.14 05:48:05.972,0.69725,0.69742,1.00,1.00
2017.03.14 05:48:06.123,0.69723,0.69741,1.00,1.00
2017.03.14 05:48:08.468,0.69721,0.69741,1.50,1.00
2017.03.14 05:48:09.455,0.69723,0.69741,1.00,1.00
2017.03.14 05:48:09.739,0.69723,0.69743,1.87,1.87
2017.03.14 05:48:09.840,0.69726,0.69743,1.00,1.12
2017.03.14 05:48:10.392,0.69725,0.69744,1.12,1.12
2017.03.14 05:48:10.705,0.69722,0.69742,1.50,1.87
2017.03.14 05:48:11.384,0.69723,0.69742,1.00,1.50
2017.03.14 05:48:14.177,0.69722,0.69742,1.50,1.00
2017.03.14 05:48:18.165,0.69725,0.69742,1.00,1.00
2017.03.14 05:48:18.216,0.69722,0.69742,1.12,1.00
2017.03.14 05:48:22.434,0.69723,0.69743,1.00,1.00
2017.03.14 05:48:28.963,0.69721,0.69741,1.00,1.00
2017.03.14 05:48:29.780,0.69722,0.69742,1.00,1.00
2017.03.14 05:48:30.487,0.69721,0.69741,1.00,1.50
2017.03.14 05:48:31.432,0.69722,0.69741,1.00,1.00
2017.03.14 05:48:31.993,0.69721,0.69741,1.00,1.00
2017.03.14 05:48:32.549,0.69721,0.6974,1.00,1.00
2017.03.14 05:48:33.116,0.69721,0.69741,1.00,1.00
2017.03.14 05:48:33.894,0.69719,0.69736,1.37,1.00
2017.03.14 05:48:34.046,0.69715,0.69735,1.12,1.00
2017.03.14 05:48:34.147,0.69717,0.69737,1.00,2.25
2017.03.14 05:48:34.449,0.6972,0.69737,1.00,1.00
2017.03.14 05:48:34.500,0.6972,0.6974,1.00,1.87
2017.03.14 05:48:34.601,0.69718,0.69741,1.87,2.25
2017.03.14 05:48:35.298,0.6972,0.69738,1.00,1.00
2017.03.14 05:48:41.238,0.6972,0.6974,1.00,1.00
2017.03.14 05:48:41.390,0.6972,0.6974,1.37,1.00
2017.03.14 05:48:42.009,0.69723,0.69741,1.00,1.00
2017.03.14 05:48:44.810,0.69722,0.6974,1.12,1.00
2017.03.14 05:48:45.834,0.69722,0.69742,1.12,1.00
2017.03.14 05:48:49.396,0.69721,0.69741,1.37,1.00
2017.03.14 05:48:50.810,0.69721,0.6974,1.37,1.00
2017.03.14 05:48:52.374,0.69721,0.69741,1.87,1.00
2017.03.14 05:48:54.261,0.69721,0.6974,1.37,1.00
2017.03.14 05:48:56.366,0.6972,0.6974,1.37,1.00
2017.03.14 05:48:58.379,0.69721,0.69741,1.12,1.00
2017.03.14 05:49:06.699,0.6972,0.6974,1.87,1.00
2017.03.14 05:49:07.225,0.69722,0.6974,1.00,1.00
2017.03.14 05:49:18.219,0.6972,0.69739,1.37,1.00
2017.03.14 05:49:18.905,0.6972,0.69739,1.00,1.00
2017.03.14 05:49:18.956,0.69723,0.69742,1.00,1.12
2017.03.14 05:49:19.108,0.69724,0.69744,1.00,1.00
2017.03.14 05:49:21.007,0.69725,0.69745,1.00,1.00
2017.03.14 05:49:21.815,0.69726,0.69746,1.00,1.00
2017.03.14 05:49:26.128,0.69726,0.69744,1.00,1.00
2017.03.14 05:49:32.372,0.69726,0.69746,1.00,1.50
2017.03.14 05:49:33.322,0.69726,0.69744,1.50,1.00
2017.03.14 05:49:36.448,0.69724,0.69744,1.87,1.00
2017.03.14 05:49:36.759,0.69724,0.69741,1.37,1.00
2017.03.14 05:49:36.860,0.69723,0.69741,1.00,1.00
2017.03.14 05:49:39.592,0.69723,0.69743,1.00,1.00
2017.03.14 05:49:39.743,0.69724,0.69743,1.37,1.00
2017.03.14 05:49:40.008,0.69725,0.69745,1.12,1.00
2017.03.14 05:49:45.694,0.69727,0.69745,1.00,1.00
2017.03.14 05:49:45.796,0.69725,0.69745,1.12,1.12
2017.03.14 05:50:00.174,0.69728,0.69746,1.00,1.00
2017.03.14 05:50:00.786,0.69727,0.69747,1.37,1.00
2017.03.14 05:50:01.088,0.69727,0.69745,1.00,1.00
2017.03.14 05:50:01.443,0.6973,0.69745,1.00,1.00
2017.03.14 05:50:01.656,0.69727,0.69745,1.00,1.00
2017.03.14 05:50:03.821,0.69729,0.69745,1.00,1.00
2017.03.14 05:50:05.784,0.69727,0.69745,1.00,1.00
2017.03.14 05:50:07.406,0.69725,0.69745,1.12,1.00
2017.03.14 05:50:09.410,0.69726,0.69746,1.00,1.00
2017.03.14 05:50:09.525,0.6973,0.69746,1.00,1.00
2017.03.14 05:50:09.762,0.69726,0.69746,1.00,1.00
2017.03.14 05:50:13.843,0.69729,0.69746,1.00,1.00
2017.03.14 05:50:14.944,0.69729,0.69747,1.00,1.00
2017.03.14 05:50:15.196,0.69725,0.69745,1.87,1.00
2017.03.14 05:50:16.784,0.69726,0.69746,1.00,1.00
2017.03.14 05:50:19.544,0.69729,0.69746,1.00,1.00
2017.03.14 05:50:21.002,0.69726,0.69746,1.00,1.00
2017.03.14 05:50:22.473,0.69728,0.69748,1.00,1.87
2017.03.14 05:50:23.110,0.69729,0.69748,1.12,1.00
2017.03.14 05:50:24.440,0.69729,0.69749,1.87,1.00
2017.03.14 05:50:30.036,0.69729,0.69747,1.87,1.00
2017.03.14 05:50:37.498,0.69729,0.69749,1.87,1.00
2017.03.14 05:50:40.316,0.69729,0.69749,1.87,1.00
2017.03.14 05:50:43.044,0.6973,0.69748,1.12,1.00
2017.03.14 05:50:44.607,0.6973,0.69749,1.12,1.00
2017.03.14 05:50:44.859,0.6973,0.69747,1.12,1.00
2017.03.14 05:50:45.852,0.69729,0.69748,1.37,1.00
2017.03.14 05:50:59.323,0.6973,0.6975,1.12,1.50
2017.03.14 05:50:59.929,0.6973,0.6975,1.37,1.00
2017.03.14 05:51:00.590,0.69731,0.69751,1.12,1.00
2017.03.14 05:51:03.209,0.69731,0.69749,1.12,1.00
2017.03.14 05:51:06.500,0.69732,0.6975,1.00,1.00
2017.03.14 05:51:07.347,0.69732,0.69752,1.00,1.00
2017.03.14 05:51:07.517,0.69734,0.69754,1.00,1.50
2017.03.14 05:51:09.553,0.69733,0.69753,1.00,1.00
2017.03.14 05:51:49.417,0.69732,0.69752,1.12,1.00
2017.03.14 05:51:52.615,0.69732,0.6975,1.12,1.00
2017.03.14 05:52:16.746,0.69732,0.69752,1.00,1.00
2017.03.14 05:52:54.776,0.69731,0.69751,1.37,1.00
2017.03.14 05:53:25.410,0.69731,0.69751,1.00,1.00
2017.03.14 05:53:28.567,0.69732,0.69751,1.00,1.00
2017.03.14 05:53:30.204,0.69733,0.6975,1.00,1.00
2017.03.14 05:53:30.306,0.69731,0.6975,1.00,1.00
2017.03.14 05:53:32.271,0.69732,0.69752,1.50,1.37
2017.03.14 05:53:32.884,0.69733,0.69752,1.00,1.00
2017.03.14 05:53:38.721,0.69733,0.69751,1.00,1.00
2017.03.14 05:54:06.871,0.69732,0.6975,1.00,1.00
2017.03.14 05:54:18.916,0.69732,0.69751,1.00,1.50
2017.03.14 05:54:20.524,0.69735,0.69755,1.00,1.37
2017.03.14 05:54:20.865,0.69737,0.69755,1.12,1.00
2017.03.14 05:54:21.560,0.69737,0.69756,1.12,1.00
2017.03.14 05:54:22.915,0.69737,0.69755,1.12,1.00
2017.03.14 05:54:26.058,0.69738,0.69755,1.00,1.00
2017.03.14 05:54:30.746,0.69737,0.69755,1.87,1.00
2017.03.14 05:55:04.105,0.69737,0.69753,1.00,1.00
2017.03.14 05:55:04.206,0.69737,0.69755,1.00,1.50
2017.03.14 05:55:07.061,0.69738,0.69756,1.00,1.00
2017.03.14 05:55:07.499,0.69739,0.69758,1.00,1.00
2017.03.14 05:55:30.728,0.69739,0.69757,1.00,1.00
2017.03.14 05:55:31.164,0.69736,0.69754,1.87,1.00
2017.03.14 05:55:31.316,0.69735,0.69754,1.00,1.00
2017.03.14 05:55:32.125,0.69735,0.69753,1.00,1.00
2017.03.14 05:55:34.762,0.69734,0.69753,1.00,1.12
2017.03.14 05:55:35.490,0.69735,0.69752,1.00,1.00
2017.03.14 05:55:41.814,0.69734,0.69752,1.00,1.00
2017.03.14 05:55:43.129,0.69733,0.69751,1.50,1.00
2017.03.14 05:55:53.125,0.69732,0.69751,1.00,1.00
2017.03.14 05:55:57.835,0.69731,0.69751,1.50,1.00
2017.03.14 05:55:59.228,0.69731,0.69749,1.50,1.00
2017.03.14 05:56:08.125,0.69732,0.6975,1.00,1.00
2017.03.14 05:56:08.526,0.69733,0.69752,1.00,1.12
2017.03.14 05:56:08.627,0.69736,0.69754,1.00,1.37
2017.03.14 05:56:08.779,0.69737,0.69754,1.00,1.00
2017.03.14 05:56:09.575,0.69737,0.69755,1.50,1.00
2017.03.14 05:56:17.519,0.69737,0.69757,1.50,1.37
2017.03.14 05:56:17.620,0.69738,0.69758,1.00,1.00
2017.03.14 05:56:28.545,0.6974,0.69758,1.00,1.00
2017.03.14 05:56:29.546,0.69739,0.69758,1.00,1.00
2017.03.14 05:56:32.256,0.69739,0.69756,1.00,1.00
2017.03.14 05:56:32.768,0.69739,0.69757,1.50,1.00
2017.03.14 05:56:33.914,0.6974,0.69757,1.00,1.00
2017.03.14 05:56:34.015,0.69737,0.69755,1.00,1.00
2017.03.14 05:56:34.584,0.69736,0.69754,1.00,1.00
2017.03.14 05:56:42.114,0.69735,0.69754,1.00,1.00
2017.03.14 05:56:52.887,0.69734,0.69754,2.25,1.12
2017.03.14 05:56:56.968,0.69734,0.69753,1.50,1.00
2017.03.14 05:57:05.506,0.69735,0.69753,1.00,1.00
2017.03.14 05:57:13.545,0.69734,0.69753,1.00,1.00
2017.03.14 05:57:16.778,0.69736,0.69755,1.00,1.12
2017.03.14 05:57:17.151,0.69736,0.69753,1.00,1.50
2017.03.14 05:57:17.251,0.69734,0.69753,1.12,1.50
2017.03.14 05:57:18.149,0.69734,0.69754,1.87,1.00
2017.03.14 05:57:18.845,0.69734,0.69752,1.87,1.00
2017.03.14 05:57:21.988,0.69734,0.69754,1.50,1.00
2017.03.14 05:57:22.038,0.69737,0.69754,1.00,1.00
2017.03.14 05:57:22.521,0.69734,0.69753,1.37,1.00
2017.03.14 05:57:23.023,0.69736,0.69754,1.00,1.00
2017.03.14 05:57:27.349,0.69737,0.69756,1.00,1.37
2017.03.14 05:57:27.703,0.69735,0.69754,1.87,1.00
2017.03.14 05:57:28.214,0.69735,0.69753,1.12,1.00
2017.03.14 05:57:28.365,0.69736,0.69755,1.00,1.50
2017.03.14 05:57:28.625,0.69738,0.69757,1.00,1.00
2017.03.14 05:57:29.324,0.69738,0.69758,1.50,1.00
2017.03.14 05:57:38.305,0.69738,0.69757,1.00,1.00
2017.03.14 05:57:38.642,0.6974,0.69757,1.00,1.00
2017.03.14 05:57:39.647,0.69738,0.69757,1.00,1.00
2017.03.14 05:57:39.814,0.6974,0.69757,1.00,1.00
2017.03.14 05:57:45.453,0.69739,0.69757,1.50,1.00
2017.03.14 05:57:50.739,0.6974,0.69757,1.00,1.00
2017.03.14 05:57:52.935,0.69738,0.69756,1.37,1.00
2017.03.14 05:57:53.287,0.6974,0.69759,1.00,1.00
2017.03.14 05:57:53.597,0.69738,0.69755,1.12,1.00
2017.03.14 05:57:54.142,0.69739,0.69755,1.00,1.00
2017.03.14 05:57:54.584,0.6974,0.69757,1.00,1.00
2017.03.14 05:57:55.146,0.69739,0.69757,1.00,1.00
2017.03.14 05:57:58.158,0.6974,0.69757,1.00,1.00
2017.03.14 05:57:58.722,0.69739,0.69758,1.00,1.12
2017.03.14 05:58:00.030,0.6974,0.69759,1.00,1.37
2017.03.14 05:58:00.232,0.6974,0.6976,2.62,1.00
2017.03.14 05:58:05.429,0.69741,0.6976,1.00,1.00
2017.03.14 05:58:09.330,0.69741,0.69758,1.00,1.00
2017.03.14 05:58:09.790,0.69743,0.69761,1.00,1.00
2017.03.14 05:58:09.891,0.69745,0.69764,1.00,1.37
2017.03.14 05:58:10.144,0.69745,0.69765,1.50,1.12
2017.03.14 05:58:15.083,0.69745,0.69764,1.00,1.00
2017.03.14 05:58:15.705,0.69744,0.69764,1.50,1.00
2017.03.14 05:58:16.084,0.69744,0.69762,1.50,1.00
2017.03.14 05:58:22.928,0.69743,0.69761,1.12,1.00
2017.03.14 05:58:25.448,0.69741,0.69761,1.87,1.00
2017.03.14 05:58:25.893,0.6974,0.69759,1.37,1.00
2017.03.14 05:58:26.045,0.6974,0.69758,1.00,1.00
2017.03.14 05:58:26.975,0.69739,0.69758,1.00,1.00
2017.03.14 05:58:31.000,0.69739,0.69757,1.00,1.00
2017.03.14 05:58:37.292,0.69738,0.69758,1.50,1.12
2017.03.14 05:58:37.343,0.6974,0.69759,1.00,1.00
2017.03.14 05:58:37.883,0.69739,0.69759,1.00,1.00
2017.03.14 05:58:40.429,0.69738,0.69758,1.50,1.00
2017.03.14 05:58:50.163,0.69739,0.69758,1.00,1.12
2017.03.14 05:58:51.273,0.69738,0.69758,1.50,1.12
2017.03.14 05:58:53.450,0.69737,0.69757,1.50,1.00
2017.03.14 05:58:56.692,0.69737,0.69755,1.50,1.00
2017.03.14 05:58:58.969,0.69738,0.69756,1.00,1.00
2017.03.14 05:59:02.922,0.69736,0.69756,1.87,1.12
2017.03.14 05:59:02.974,0.6974,0.69756,1.00,1.12
2017.03.14 05:59:03.024,0.69736,0.69756,1.87,1.00
2017.03.14 05:59:07.554,0.69735,0.69755,1.50,1.00
2017.03.14 05:59:08.139,0.69736,0.69756,1.00,1.12
2017.03.14 05:59:17.822,0.69739,0.69757,1.00,1.37
2017.03.14 05:59:25.332,0.69739,0.69757,1.00,1.00
2017.03.14 05:59:25.519,0.69737,0.69757,1.00,1.00
2017.03.14 05:59:30.822,0.69736,0.69756,1.00,1.00
2017.03.14 05:59:31.041,0.69735,0.69755,1.00,1.37
2017.03.14 05:59:31.764,0.69736,0.69756,1.00,1.87
2017.03.14 05:59:40.548,0.69738,0.69756,1.00,1.87
2017.03.14 05:59:42.986,0.69739,0.69757,1.00,1.50
2017.03.14 05:59:43.203,0.69739,0.69757,1.00,1.00
2017.03.14 05:59:48.321,0.69738,0.69756,1.00,1.00
2017.03.14 05:59:58.658,0.69738,0.69758,1.00,1.00
2017.03.14 05:59:59.206,0.69739,0.69759,1.00,1.00
2017.03.14 05:59:59.740,0.69738,0.69758,1.50,1.00
