2015.04.15 03:00:02.014,0.73318,0.7335,1.37,1.00
2015.04.15 03:00:04.786,0.73314,0.73356,1.75,1.37
2015.04.15 03:00:19.443,0.73318,0.73352,1.37,1.00
2015.04.15 03:00:20.805,0.73318,0.73352,1.37,1.00
2015.04.15 03:00:21.220,0.73318,0.7335,1.37,1.00
2015.04.15 03:00:32.119,0.73318,0.7335,1.37,1.00
2015.04.15 03:00:35.329,0.73318,0.7335,1.50,1.00
2015.04.15 03:00:36.033,0.73318,0.7335,1.37,1.00
2015.04.15 03:00:36.736,0.73318,0.7335,1.50,1.00
2015.04.15 03:00:38.139,0.73318,0.7335,1.37,1.00
2015.04.15 03:00:38.655,0.73318,0.7335,1.37,1.00
2015.04.15 03:00:41.454,0.73318,0.7335,1.50,1.00
2015.04.15 03:00:42.258,0.73318,0.7335,1.37,1.00
2015.04.15 03:00:46.164,0.73317,0.73351,1.50,1.00
2015.04.15 03:00:50.389,0.73317,0.73351,1.75,1.00
2015.04.15 03:00:53.894,0.73317,0.73351,1.37,1.00
2015.04.15 03:00:54.405,0.73317,0.73351,1.37,1.00
2015.04.15 03:00:54.575,0.73316,0.73349,1.37,1.00
2015.04.15 03:00:55.444,0.73316,0.73349,1.37,1.00
2015.04.15 03:00:57.225,0.73315,0.73349,1.75,1.00
2015.04.15 03:00:58.145,0.73308,0.73341,1.50,1.00
2015.04.15 03:00:58.420,0.73308,0.73341,1.37,1.00
2015.04.15 03:01:01.327,0.73308,0.73341,1.37,1.00
2015.04.15 03:01:53.804,0.73308,0.73341,1.50,1.00
2015.04.15 03:01:58.765,0.73305,0.73349,1.75,1.37
2015.04.15 03:02:11.893,0.73305,0.73347,1.75,1.00
2015.04.15 03:02:13.298,0.73305,0.7335,1.75,1.37
2015.04.15 03:02:15.841,0.73305,0.7335,1.75,1.50
2015.04.15 03:02:16.103,0.73305,0.7335,1.75,1.37
2015.04.15 03:02:16.153,0.7331,0.73344,1.75,1.00
2015.04.15 03:02:16.971,0.73311,0.73345,1.50,1.00
2015.04.15 03:02:22.741,0.73311,0.73345,1.75,1.00
2015.04.15 03:02:22.968,0.73314,0.73348,1.75,1.00
2015.04.15 03:02:36.162,0.73315,0.73349,1.50,1.00
2015.04.15 03:02:39.023,0.73314,0.73347,1.75,1.00
2015.04.15 03:02:40.853,0.73313,0.73347,1.75,1.00
2015.04.15 03:02:44.852,0.73313,0.73347,1.75,1.00
2015.04.15 03:02:45.381,0.73314,0.73348,1.75,1.00
2015.04.15 03:02:46.756,0.73314,0.73348,1.75,1.00
2015.04.15 03:02:47.053,0.73319,0.73351,1.37,1.00
2015.04.15 03:02:54.512,0.73319,0.73351,1.37,1.00
2015.04.15 03:02:55.520,0.7332,0.73352,1.37,1.00
2015.04.15 03:02:58.373,0.7332,0.73352,1.37,1.00
2015.04.15 03:02:59.383,0.73319,0.7335,1.00,1.00
2015.04.15 03:02:59.726,0.73321,0.73353,1.00,1.00
2015.04.15 03:03:00.176,0.73321,0.73353,1.37,1.00
2015.04.15 03:03:09.031,0.73321,0.73353,1.37,1.12
2015.04.15 03:03:09.622,0.7332,0.73352,1.37,1.00
2015.04.15 03:03:11.170,0.73318,0.73351,1.37,1.00
2015.04.15 03:03:11.973,0.73319,0.73352,1.37,1.12
2015.04.15 03:03:18.601,0.73319,0.73352,1.12,1.12
2015.04.15 03:03:19.102,0.73319,0.73352,1.37,1.12
2015.04.15 03:03:29.017,0.73319,0.73352,1.37,1.00
2015.04.15 03:03:29.124,0.73319,0.73352,1.12,1.00
2015.04.15 03:03:29.225,0.73321,0.73354,1.00,1.00
2015.04.15 03:03:29.526,0.73326,0.73359,1.00,1.00
2015.04.15 03:03:29.832,0.73336,0.73366,1.00,1.00
2015.04.15 03:03:29.886,0.73336,0.73368,1.00,1.00
2015.04.15 03:03:30.281,0.73332,0.73365,1.00,1.00
2015.04.15 03:03:30.432,0.73332,0.73363,1.00,1.00
2015.04.15 03:03:30.832,0.73332,0.73365,1.00,1.00
2015.04.15 03:03:31.052,0.73334,0.73365,1.00,1.00
2015.04.15 03:03:31.557,0.73334,0.73365,1.37,1.00
2015.04.15 03:03:31.711,0.73335,0.73368,1.12,1.00
2015.04.15 03:03:32.481,0.73335,0.73368,1.37,1.00
2015.04.15 03:03:33.427,0.73335,0.73368,1.12,1.00
2015.04.15 03:03:33.952,0.73334,0.73367,1.37,1.00
2015.04.15 03:03:34.930,0.73334,0.73367,1.37,1.00
2015.04.15 03:03:37.581,0.73335,0.73368,1.37,1.00
2015.04.15 03:03:39.163,0.73335,0.73368,1.00,1.37
2015.04.15 03:03:39.615,0.73333,0.73365,1.37,1.00
2015.04.15 03:03:50.155,0.73334,0.73365,1.00,1.37
2015.04.15 03:03:50.456,0.73333,0.73362,1.00,1.87
2015.04.15 03:03:50.506,0.7333,0.73361,1.00,1.37
2015.04.15 03:03:50.611,0.73327,0.73358,1.00,1.00
2015.04.15 03:03:51.385,0.73327,0.7336,1.00,1.12
2015.04.15 03:04:01.879,0.73327,0.7336,1.00,1.37
2015.04.15 03:04:02.203,0.73324,0.73353,1.00,1.37
2015.04.15 03:04:02.304,0.73318,0.7335,1.12,1.00
2015.04.15 03:04:02.909,0.73319,0.73349,1.00,1.00
2015.04.15 03:04:03.412,0.73318,0.73348,1.00,1.00
2015.04.15 03:04:09.412,0.73318,0.73348,1.37,1.00
2015.04.15 03:04:09.571,0.7332,0.7335,1.00,1.00
2015.04.15 03:04:09.971,0.7332,0.73352,1.00,1.12
2015.04.15 03:04:16.350,0.7332,0.7335,1.00,1.00
2015.04.15 03:04:21.495,0.73322,0.73354,1.00,1.37
2015.04.15 03:04:21.979,0.73325,0.73355,1.00,1.00
2015.04.15 03:04:26.525,0.73321,0.73353,1.12,1.00
2015.04.15 03:04:29.659,0.73321,0.73353,1.37,1.00
2015.04.15 03:04:30.320,0.73325,0.73357,1.00,1.00
2015.04.15 03:04:31.801,0.73325,0.73357,1.37,1.00
2015.04.15 03:04:32.253,0.73327,0.73359,1.00,1.00
2015.04.15 03:04:36.153,0.73326,0.73358,1.00,1.00
2015.04.15 03:04:41.246,0.73326,0.73356,1.00,1.00
2015.04.15 03:05:24.943,0.73321,0.73353,1.37,1.00
2015.04.15 03:05:25.113,0.7332,0.73352,1.00,1.00
2015.04.15 03:05:25.649,0.73319,0.73351,1.12,1.00
2015.04.15 03:05:27.100,0.73319,0.73351,1.37,1.00
2015.04.15 03:05:27.300,0.73318,0.73351,1.00,1.00
2015.04.15 03:05:27.563,0.7332,0.73352,1.00,1.00
2015.04.15 03:05:28.580,0.73321,0.73353,1.00,1.00
2015.04.15 03:05:30.566,0.73322,0.73354,1.00,1.00
2015.04.15 03:05:33.022,0.73321,0.73351,1.00,1.00
2015.04.15 03:05:33.162,0.73319,0.73351,1.00,1.00
2015.04.15 03:05:34.577,0.73323,0.73355,1.00,1.00
2015.04.15 03:05:36.983,0.73322,0.73354,1.00,1.00
2015.04.15 03:05:37.992,0.73321,0.73353,1.00,1.00
2015.04.15 03:05:42.712,0.73323,0.73353,1.00,1.00
2015.04.15 03:05:45.140,0.7332,0.73353,1.00,1.00
2015.04.15 03:05:45.240,0.7332,0.7335,1.12,1.00
2015.04.15 03:05:45.341,0.73322,0.73354,1.00,1.00
2015.04.15 03:05:54.453,0.73321,0.73353,1.00,1.00
2015.04.15 03:06:03.996,0.73321,0.73353,1.37,1.00
2015.04.15 03:06:06.105,0.73321,0.73353,1.00,1.00
2015.04.15 03:06:31.759,0.73321,0.73351,1.00,1.00
2015.04.15 03:06:39.369,0.73321,0.73353,1.00,1.00
2015.04.15 03:06:39.420,0.73321,0.73353,1.37,1.00
2015.04.15 03:06:39.470,0.73323,0.73355,1.12,1.50
2015.04.15 03:06:39.571,0.73325,0.73355,1.00,1.00
2015.04.15 03:07:01.753,0.73326,0.73358,1.00,1.00
2015.04.15 03:07:03.338,0.73328,0.73358,1.00,1.00
2015.04.15 03:07:19.191,0.73328,0.7336,1.00,1.00
2015.04.15 03:07:19.292,0.7333,0.7336,1.00,1.00
2015.04.15 03:07:19.760,0.73328,0.7336,1.00,1.00
2015.04.15 03:07:19.860,0.73328,0.73358,1.00,1.00
2015.04.15 03:07:21.159,0.7333,0.73362,1.00,1.00
2015.04.15 03:07:43.698,0.73329,0.73361,1.12,1.00
2015.04.15 03:07:46.338,0.73326,0.73359,1.00,1.00
2015.04.15 03:07:54.368,0.73328,0.73359,1.00,1.00
2015.04.15 03:08:31.919,0.73329,0.73361,1.00,1.12
2015.04.15 03:08:32.097,0.73331,0.73361,1.00,1.00
2015.04.15 03:08:34.008,0.73329,0.73361,1.00,1.00
2015.04.15 03:08:34.661,0.73329,0.73361,1.00,1.37
2015.04.15 03:08:35.439,0.73329,0.73359,1.00,1.00
2015.04.15 03:08:36.166,0.73328,0.7336,1.00,1.12
2015.04.15 03:08:39.555,0.73329,0.73361,1.00,1.37
2015.04.15 03:08:43.646,0.73331,0.73361,1.00,1.37
2015.04.15 03:08:46.082,0.73331,0.73361,1.00,1.00
2015.04.15 03:08:46.294,0.73331,0.73363,1.00,1.12
2015.04.15 03:09:00.718,0.7333,0.73362,1.00,1.00
2015.04.15 03:09:00.819,0.73332,0.73362,1.00,1.00
2015.04.15 03:09:00.970,0.73335,0.73367,1.00,1.00
2015.04.15 03:09:01.020,0.73335,0.73365,1.00,1.00
2015.04.15 03:09:01.121,0.73335,0.73367,1.00,1.00
2015.04.15 03:09:01.221,0.7334,0.73373,1.00,1.00
2015.04.15 03:09:01.272,0.73346,0.73376,1.00,1.00
2015.04.15 03:09:01.373,0.73348,0.7338,1.00,1.00
2015.04.15 03:09:01.620,0.73353,0.73383,1.00,1.00
2015.04.15 03:09:01.687,0.73351,0.73383,1.00,1.00
2015.04.15 03:09:02.984,0.73347,0.73379,1.00,1.00
2015.04.15 03:09:05.780,0.73348,0.7338,1.00,1.00
2015.04.15 03:09:06.418,0.7335,0.7338,1.00,1.00
2015.04.15 03:09:19.303,0.73348,0.7338,1.00,1.00
2015.04.15 03:09:20.657,0.73348,0.7338,1.00,1.37
2015.04.15 03:09:33.163,0.73348,0.7338,1.00,1.12
2015.04.15 03:09:34.942,0.73346,0.73378,1.00,1.00
2015.04.15 03:09:35.269,0.73346,0.73376,1.00,1.00
2015.04.15 03:09:35.871,0.73346,0.73376,1.00,1.37
2015.04.15 03:09:35.921,0.73343,0.73376,1.00,1.37
2015.04.15 03:09:36.022,0.73342,0.73373,1.00,1.00
2015.04.15 03:10:00.316,0.7334,0.73373,1.00,1.00
2015.04.15 03:10:01.908,0.73339,0.73372,1.00,1.00
2015.04.15 03:10:04.849,0.73339,0.73371,1.00,1.00
2015.04.15 03:10:17.532,0.73339,0.73372,1.00,1.00
2015.04.15 03:10:18.173,0.7334,0.73373,1.00,1.00
2015.04.15 03:10:30.125,0.73342,0.73375,1.00,1.87
2015.04.15 03:10:31.256,0.73346,0.73375,1.00,1.00
2015.04.15 03:10:31.307,0.73346,0.73378,1.00,1.00
2015.04.15 03:10:38.595,0.73347,0.73379,1.00,1.00
2015.04.15 03:10:38.827,0.7335,0.73381,1.00,1.00
2015.04.15 03:10:39.056,0.73351,0.73383,1.00,1.00
2015.04.15 03:10:40.852,0.73354,0.73386,1.00,1.00
2015.04.15 03:10:41.164,0.73356,0.73388,1.00,1.00
2015.04.15 03:10:41.676,0.73358,0.73388,1.00,1.00
2015.04.15 03:10:43.876,0.73355,0.73387,1.00,1.00
2015.04.15 03:10:44.208,0.73358,0.73388,1.00,1.00
2015.04.15 03:10:44.315,0.73358,0.7339,1.00,1.87
2015.04.15 03:10:46.017,0.73359,0.7339,1.00,1.00
2015.04.15 03:10:46.069,0.7336,0.73392,1.00,1.00
2015.04.15 03:10:48.715,0.73361,0.73393,1.00,1.00
2015.04.15 03:11:01.475,0.73364,0.73394,1.00,1.00
2015.04.15 03:11:01.825,0.73364,0.73391,1.00,1.00
2015.04.15 03:11:01.875,0.73364,0.73394,1.00,1.12
2015.04.15 03:11:11.118,0.73364,0.73396,1.12,1.50
2015.04.15 03:11:11.219,0.73366,0.73396,1.00,1.50
2015.04.15 03:11:11.537,0.73375,0.73401,1.00,1.00
2015.04.15 03:11:11.618,0.73375,0.73406,1.00,1.00
2015.04.15 03:11:12.302,0.73376,0.73406,1.00,1.00
2015.04.15 03:11:26.302,0.73375,0.73406,1.00,1.00
2015.04.15 03:11:30.789,0.73375,0.73405,1.00,1.00
2015.04.15 03:11:37.058,0.73375,0.73401,1.00,1.00
2015.04.15 03:11:37.360,0.7337,0.73396,1.00,1.00
2015.04.15 03:11:37.410,0.73368,0.73396,1.00,1.00
2015.04.15 03:11:37.577,0.73367,0.73391,1.00,1.00
2015.04.15 03:11:37.878,0.73365,0.73391,1.00,1.00
2015.04.15 03:11:37.979,0.7336,0.7339,1.00,1.12
2015.04.15 03:11:38.162,0.7336,0.73385,1.00,1.00
2015.04.15 03:11:38.213,0.73354,0.73385,1.00,1.00
2015.04.15 03:11:38.397,0.73352,0.73384,1.00,1.00
2015.04.15 03:11:39.363,0.73348,0.7338,1.00,1.50
2015.04.15 03:11:40.655,0.73348,0.73376,1.00,1.00
2015.04.15 03:11:40.877,0.73348,0.7338,1.00,1.50
2015.04.15 03:11:41.317,0.73348,0.73376,1.00,1.00
2015.04.15 03:11:41.537,0.73348,0.7338,1.00,1.00
2015.04.15 03:11:52.932,0.73351,0.7338,1.00,1.00
2015.04.15 03:11:54.847,0.73351,0.73381,1.00,1.00
2015.04.15 03:11:55.149,0.73354,0.73386,1.00,1.00
2015.04.15 03:11:55.250,0.73362,0.73391,1.00,1.37
2015.04.15 03:11:55.457,0.73364,0.73396,1.00,2.62
2015.04.15 03:11:55.558,0.73367,0.73396,1.00,1.00
2015.04.15 03:11:55.886,0.73369,0.734,1.00,1.37
2015.04.15 03:11:56.221,0.73369,0.73396,1.00,1.00
2015.04.15 03:11:56.547,0.73369,0.73396,1.00,1.37
2015.04.15 03:11:56.647,0.73366,0.73395,1.00,1.37
2015.04.15 03:11:56.873,0.73365,0.7339,1.00,1.00
2015.04.15 03:11:57.074,0.73364,0.73396,1.00,1.37
2015.04.15 03:11:57.387,0.73364,0.73391,1.00,1.37
2015.04.15 03:11:57.526,0.7336,0.73391,1.00,1.37
2015.04.15 03:11:57.645,0.7336,0.73391,1.00,1.37
2015.04.15 03:11:58.226,0.73359,0.73388,1.00,1.12
2015.04.15 03:11:59.443,0.73355,0.73371,1.00,1.00
2015.04.15 03:11:59.549,0.73344,0.73371,1.00,1.00
2015.04.15 03:11:59.650,0.73345,0.73373,1.00,1.00
2015.04.15 03:11:59.797,0.73345,0.73371,1.00,1.00
2015.04.15 03:12:01.797,0.73345,0.73373,1.00,1.00
2015.04.15 03:12:02.608,0.73345,0.73373,1.00,1.37
2015.04.15 03:12:03.025,0.73343,0.73373,1.00,1.37
2015.04.15 03:12:03.145,0.73345,0.73375,1.00,1.87
2015.04.15 03:12:03.662,0.73345,0.73376,1.00,1.87
2015.04.15 03:12:05.015,0.73346,0.73375,1.00,1.37
2015.04.15 03:12:05.479,0.73346,0.73375,1.00,1.12
2015.04.15 03:12:05.598,0.73349,0.73375,1.00,1.00
2015.04.15 03:12:05.648,0.73349,0.7338,1.00,1.87
2015.04.15 03:12:05.894,0.73354,0.73381,1.00,1.37
2015.04.15 03:12:06.456,0.73352,0.73383,1.00,1.37
2015.04.15 03:12:08.814,0.73352,0.73376,1.00,1.00
2015.04.15 03:12:09.693,0.73351,0.73381,1.00,1.37
2015.04.15 03:12:11.945,0.73351,0.7338,1.00,1.37
2015.04.15 03:12:12.568,0.73351,0.7337,1.00,1.00
2015.04.15 03:12:12.619,0.73347,0.7337,1.00,1.00
2015.04.15 03:12:12.830,0.73343,0.73371,1.00,1.00
2015.04.15 03:12:13.105,0.73343,0.73375,1.00,1.37
2015.04.15 03:12:14.947,0.73343,0.73371,1.00,1.00
2015.04.15 03:12:16.334,0.73343,0.73371,1.00,1.37
2015.04.15 03:12:16.876,0.73341,0.73366,1.00,1.00
2015.04.15 03:12:20.145,0.73341,0.73365,1.00,1.00
2015.04.15 03:12:20.404,0.73338,0.73365,1.00,1.00
2015.04.15 03:12:26.306,0.73338,0.73366,1.00,1.00
2015.04.15 03:12:26.614,0.73337,0.73366,1.00,1.37
2015.04.15 03:12:26.714,0.73332,0.73365,1.00,1.87
2015.04.15 03:12:26.774,0.73332,0.73365,1.00,2.25
2015.04.15 03:12:26.924,0.7333,0.73361,1.00,1.37
2015.04.15 03:12:35.094,0.7333,0.7336,1.00,1.37
2015.04.15 03:12:35.616,0.73329,0.7336,1.00,1.87
2015.04.15 03:12:35.796,0.7333,0.7336,1.00,1.12
2015.04.15 03:12:43.534,0.7333,0.73363,1.00,1.37
2015.04.15 03:12:55.140,0.7333,0.73363,1.00,1.37
2015.04.15 03:12:56.547,0.7333,0.73363,1.00,1.12
2015.04.15 03:12:56.597,0.73332,0.73363,1.00,1.12
2015.04.15 03:13:00.664,0.7333,0.73364,1.00,1.37
2015.04.15 03:13:00.767,0.7333,0.73364,1.00,1.37
2015.04.15 03:13:03.963,0.73329,0.73362,1.00,1.37
2015.04.15 03:13:23.921,0.73329,0.73362,1.00,1.37
2015.04.15 03:13:27.180,0.73325,0.73358,1.00,1.37
2015.04.15 03:13:27.285,0.73322,0.73355,1.00,1.12
2015.04.15 03:13:27.335,0.73322,0.73355,1.00,1.37
2015.04.15 03:13:27.723,0.73322,0.73354,1.00,1.37
2015.04.15 03:13:28.674,0.73323,0.73354,1.00,1.37
2015.04.15 03:13:32.885,0.73323,0.73354,1.00,1.87
2015.04.15 03:13:37.281,0.73323,0.73354,1.00,1.87
2015.04.15 03:13:37.332,0.73321,0.73354,1.00,1.87
2015.04.15 03:13:39.136,0.73321,0.73349,1.00,1.37
2015.04.15 03:13:39.186,0.73315,0.73348,1.00,1.12
2015.04.15 03:13:39.387,0.73315,0.73346,1.00,1.00
2015.04.15 03:13:40.125,0.73315,0.73346,1.00,1.87
2015.04.15 03:13:40.373,0.73313,0.73345,1.00,1.37
2015.04.15 03:13:40.698,0.73313,0.73346,1.00,2.25
2015.04.15 03:13:42.011,0.7331,0.73343,1.00,1.37
2015.04.15 03:13:43.912,0.73311,0.73344,1.00,1.37
2015.04.15 03:13:44.790,0.73314,0.73345,1.00,1.87
2015.04.15 03:13:44.907,0.73314,0.73345,1.00,1.87
2015.04.15 03:13:49.414,0.73314,0.73345,1.00,1.37
2015.04.15 03:13:49.515,0.73311,0.73344,1.00,1.37
2015.04.15 03:13:50.603,0.73312,0.73345,1.00,1.37
2015.04.15 03:13:50.704,0.73312,0.73345,1.00,1.87
2015.04.15 03:13:54.865,0.73312,0.73338,1.00,1.37
2015.04.15 03:13:55.159,0.73301,0.73334,1.00,1.75
2015.04.15 03:13:55.223,0.73298,0.73329,1.00,1.37
2015.04.15 03:13:55.333,0.73294,0.73328,1.00,1.37
2015.04.15 03:13:55.433,0.73294,0.73328,1.00,1.00
2015.04.15 03:13:55.484,0.73298,0.73329,1.00,1.00
2015.04.15 03:13:55.912,0.73299,0.73332,1.00,1.00
2015.04.15 03:13:57.053,0.73303,0.73335,1.00,1.00
2015.04.15 03:13:57.731,0.73303,0.73335,1.00,1.37
2015.04.15 03:14:04.707,0.73301,0.73334,1.00,1.37
2015.04.15 03:14:06.536,0.73301,0.73334,1.00,1.37
2015.04.15 03:14:12.394,0.733,0.73333,1.00,1.37
2015.04.15 03:14:12.513,0.73298,0.73331,1.00,1.00
2015.04.15 03:14:12.665,0.73298,0.73329,1.00,1.00
2015.04.15 03:14:13.075,0.73296,0.73327,1.00,1.37
2015.04.15 03:14:13.176,0.73294,0.73328,1.00,1.37
2015.04.15 03:14:18.098,0.73294,0.73328,1.00,1.37
2015.04.15 03:14:18.598,0.73294,0.73328,1.00,1.12
2015.04.15 03:14:19.100,0.73295,0.73328,1.00,1.00
2015.04.15 03:14:19.251,0.73299,0.73332,1.00,1.37
2015.04.15 03:14:19.564,0.73299,0.73332,1.00,1.37
2015.04.15 03:14:19.615,0.73299,0.73332,1.00,1.37
2015.04.15 03:14:19.766,0.73301,0.73334,1.00,1.87
2015.04.15 03:14:20.923,0.73301,0.73334,1.00,1.12
2015.04.15 03:14:22.019,0.73302,0.73335,1.00,1.37
2015.04.15 03:14:25.998,0.73303,0.73336,1.00,1.37
2015.04.15 03:14:35.602,0.73305,0.73338,1.00,1.87
2015.04.15 03:14:37.352,0.73304,0.73337,1.00,1.37
2015.04.15 03:14:38.012,0.73305,0.73338,1.00,1.87
2015.04.15 03:14:38.602,0.73304,0.73337,1.00,1.37
2015.04.15 03:14:40.995,0.73302,0.73335,1.00,1.37
2015.04.15 03:14:41.046,0.73302,0.73335,1.00,1.37
2015.04.15 03:14:41.641,0.73303,0.73336,1.00,1.37
2015.04.15 03:14:46.077,0.73303,0.73336,1.00,2.25
2015.04.15 03:14:46.282,0.73305,0.73335,1.00,1.37
2015.04.15 03:14:46.865,0.73305,0.73335,1.00,1.50
2015.04.15 03:14:51.431,0.73303,0.73336,1.00,3.00
2015.04.15 03:14:51.587,0.73301,0.73334,1.00,1.37
2015.04.15 03:14:51.871,0.73303,0.73334,1.00,1.37
2015.04.15 03:14:56.005,0.73304,0.73335,1.00,1.50
2015.04.15 03:14:56.379,0.73304,0.73335,1.00,1.37
2015.04.15 03:15:01.253,0.73302,0.73335,1.00,1.37
2015.04.15 03:15:10.903,0.73302,0.73335,1.00,1.87
2015.04.15 03:15:11.231,0.73305,0.73335,1.00,1.37
2015.04.15 03:15:15.630,0.73306,0.73337,1.00,2.25
2015.04.15 03:15:25.075,0.73306,0.73338,1.00,1.87
2015.04.15 03:15:35.041,0.73306,0.73337,1.00,1.37
2015.04.15 03:15:36.243,0.73306,0.73337,1.00,1.37
2015.04.15 03:15:37.444,0.73306,0.73337,1.00,1.50
2015.04.15 03:15:38.245,0.73306,0.73337,1.00,1.37
2015.04.15 03:15:39.879,0.73306,0.73338,1.00,2.25
2015.04.15 03:15:40.383,0.73306,0.73338,1.00,1.37
2015.04.15 03:15:40.761,0.73307,0.7334,1.00,1.37
2015.04.15 03:15:40.865,0.73309,0.73336,1.00,1.12
2015.04.15 03:15:41.125,0.73309,0.7334,1.00,1.37
2015.04.15 03:15:41.330,0.7331,0.73341,1.00,1.12
2015.04.15 03:15:41.861,0.73311,0.7334,1.00,1.00
2015.04.15 03:15:42.522,0.73312,0.73341,1.00,1.00
2015.04.15 03:15:42.583,0.73314,0.73341,1.00,1.00
2015.04.15 03:15:42.885,0.73316,0.73346,1.00,1.37
2015.04.15 03:15:42.935,0.73319,0.73346,1.00,1.37
2015.04.15 03:15:43.332,0.73317,0.73346,1.00,1.37
2015.04.15 03:15:43.941,0.73317,0.73346,1.00,1.37
2015.04.15 03:15:45.880,0.73319,0.73346,1.00,1.37
2015.04.15 03:15:48.630,0.73316,0.73346,1.00,1.37
2015.04.15 03:15:48.680,0.73316,0.73346,1.00,1.37
2015.04.15 03:15:51.629,0.73317,0.73346,1.00,1.37
2015.04.15 03:15:52.873,0.73317,0.73346,1.00,1.37
2015.04.15 03:15:53.140,0.73314,0.73346,1.00,1.37
2015.04.15 03:15:58.379,0.73314,0.73346,1.00,1.37
2015.04.15 03:15:58.780,0.73314,0.73346,1.00,2.25
2015.04.15 03:15:59.081,0.73311,0.73341,1.00,1.37
2015.04.15 03:16:00.070,0.73312,0.73341,1.00,1.37
2015.04.15 03:16:00.461,0.73314,0.73341,1.00,1.00
2015.04.15 03:16:01.263,0.73314,0.73345,1.00,1.37
2015.04.15 03:16:04.758,0.73307,0.73337,1.00,1.37
2015.04.15 03:16:05.512,0.73306,0.73335,1.00,1.12
2015.04.15 03:16:06.814,0.73306,0.73335,1.00,1.37
2015.04.15 03:16:06.965,0.73306,0.73336,1.00,1.00
2015.04.15 03:16:07.126,0.73306,0.73336,1.00,1.37
2015.04.15 03:16:07.419,0.73306,0.73336,1.00,1.37
2015.04.15 03:16:07.954,0.73307,0.73336,1.00,1.00
2015.04.15 03:16:10.040,0.73308,0.73335,1.00,1.00
2015.04.15 03:16:10.092,0.73311,0.73341,1.00,1.37
2015.04.15 03:16:10.611,0.73311,0.73341,1.00,1.00
2015.04.15 03:16:11.400,0.73312,0.73341,1.00,1.00
2015.04.15 03:16:20.352,0.73312,0.7334,1.00,1.00
2015.04.15 03:16:20.460,0.73312,0.73345,1.00,1.37
2015.04.15 03:16:21.582,0.73312,0.7334,1.00,1.00
2015.04.15 03:16:21.919,0.73311,0.73336,1.00,1.00
2015.04.15 03:16:22.449,0.73311,0.73335,1.00,1.00
2015.04.15 03:16:24.147,0.7331,0.73335,1.00,1.00
2015.04.15 03:16:31.521,0.73309,0.73335,1.00,1.00
2015.04.15 03:16:31.790,0.73309,0.73341,1.00,1.50
2015.04.15 03:16:32.340,0.73309,0.7334,1.00,1.12
2015.04.15 03:16:33.930,0.73309,0.73341,1.00,1.00
2015.04.15 03:16:33.981,0.73313,0.73344,1.00,1.37
2015.04.15 03:16:42.191,0.73314,0.73344,1.00,1.87
2015.04.15 03:16:42.544,0.73314,0.73344,1.00,1.87
2015.04.15 03:16:50.771,0.73316,0.73346,1.00,1.37
2015.04.15 03:16:57.266,0.73314,0.73346,1.00,1.87
2015.04.15 03:17:08.329,0.73316,0.73346,1.00,1.87
2015.04.15 03:17:10.601,0.73316,0.73346,1.00,1.87
2015.04.15 03:17:20.250,0.73315,0.73346,1.00,1.37
2015.04.15 03:17:23.903,0.73316,0.73348,1.00,1.87
2015.04.15 03:17:24.239,0.73318,0.73348,1.00,1.00
2015.04.15 03:17:24.845,0.73318,0.73351,1.00,1.87
2015.04.15 03:17:24.896,0.7332,0.73351,1.00,1.37
2015.04.15 03:17:25.671,0.73319,0.73352,1.00,1.87
2015.04.15 03:17:26.154,0.73319,0.7335,1.00,1.37
2015.04.15 03:17:35.089,0.73319,0.73349,1.00,1.00
2015.04.15 03:17:35.240,0.73323,0.7335,1.00,1.12
2015.04.15 03:17:35.849,0.73323,0.73353,1.00,1.37
2015.04.15 03:17:36.119,0.73323,0.73351,1.00,1.37
2015.04.15 03:17:40.086,0.73323,0.73351,1.00,1.12
2015.04.15 03:17:40.629,0.73323,0.7335,1.00,1.00
2015.04.15 03:17:45.395,0.73323,0.7335,1.00,1.37
2015.04.15 03:17:45.640,0.7332,0.7335,1.00,1.37
2015.04.15 03:17:50.500,0.73322,0.7335,1.00,1.37
2015.04.15 03:17:50.639,0.73322,0.73353,1.00,1.37
2015.04.15 03:17:53.888,0.73322,0.7335,1.00,1.00
2015.04.15 03:18:05.488,0.73323,0.73353,1.00,1.37
2015.04.15 03:18:07.461,0.73323,0.73354,1.00,1.00
2015.04.15 03:18:07.562,0.73325,0.73355,1.00,1.00
2015.04.15 03:18:07.999,0.73327,0.73355,1.00,1.00
2015.04.15 03:18:08.099,0.73327,0.7336,1.00,1.37
2015.04.15 03:18:08.364,0.73327,0.7336,1.12,1.12
2015.04.15 03:18:08.465,0.73329,0.73361,1.00,1.00
2015.04.15 03:18:08.814,0.73331,0.73361,1.00,1.00
2015.04.15 03:18:09.455,0.7333,0.73361,1.00,1.00
2015.04.15 03:18:12.809,0.7333,0.7336,1.00,1.00
2015.04.15 03:18:13.366,0.7333,0.73361,1.00,1.12
2015.04.15 03:18:13.691,0.7333,0.73355,1.00,1.00
2015.04.15 03:18:14.130,0.7333,0.73361,1.00,1.12
2015.04.15 03:18:14.350,0.7333,0.73356,1.00,1.00
2015.04.15 03:18:14.569,0.7333,0.7336,1.00,1.00
2015.04.15 03:18:15.340,0.7333,0.73355,1.00,1.00
2015.04.15 03:18:15.560,0.7333,0.73361,1.00,1.37
2015.04.15 03:18:15.611,0.7333,0.73361,1.00,1.37
2015.04.15 03:18:15.711,0.7333,0.73361,1.00,1.37
2015.04.15 03:18:16.228,0.73329,0.73361,1.00,1.37
2015.04.15 03:18:17.332,0.73329,0.7336,1.00,1.87
2015.04.15 03:18:17.382,0.7333,0.73361,1.00,1.37
2015.04.15 03:18:22.437,0.7333,0.73361,1.00,1.00
2015.04.15 03:18:24.387,0.7333,0.73361,1.00,1.37
2015.04.15 03:18:33.178,0.73329,0.73361,1.00,1.37
2015.04.15 03:18:39.530,0.73329,0.73361,1.00,1.50
2015.04.15 03:18:39.580,0.73327,0.73356,1.00,1.12
2015.04.15 03:18:39.681,0.73325,0.73358,1.00,1.87
2015.04.15 03:18:39.782,0.73323,0.73355,1.00,1.37
2015.04.15 03:18:39.933,0.73321,0.73354,1.00,1.12
2015.04.15 03:18:40.571,0.73321,0.73354,1.00,1.37
2015.04.15 03:18:41.078,0.73322,0.73356,1.00,2.25
2015.04.15 03:18:47.587,0.73324,0.73356,1.00,2.25
2015.04.15 03:18:47.638,0.73324,0.73356,1.00,1.87
2015.04.15 03:18:50.667,0.73325,0.73356,1.00,1.12
2015.04.15 03:18:51.760,0.73329,0.73358,1.00,1.12
2015.04.15 03:18:55.258,0.73329,0.7336,1.00,1.12
2015.04.15 03:18:55.422,0.73329,0.73356,1.00,1.00
2015.04.15 03:18:55.603,0.73329,0.7336,1.00,1.87
2015.04.15 03:18:55.818,0.73329,0.73356,1.00,1.00
2015.04.15 03:18:56.069,0.73329,0.7336,1.00,1.37
2015.04.15 03:18:56.370,0.73329,0.73356,1.00,1.00
2015.04.15 03:19:00.327,0.73329,0.7336,1.00,1.87
2015.04.15 03:19:07.367,0.73329,0.73356,1.00,1.00
2015.04.15 03:19:08.137,0.73329,0.7336,1.00,1.87
2015.04.15 03:19:09.399,0.73329,0.73355,1.00,1.00
2015.04.15 03:19:09.788,0.73329,0.7336,1.00,1.37
2015.04.15 03:19:09.939,0.73329,0.7336,1.00,1.50
2015.04.15 03:19:10.040,0.73326,0.73359,1.00,1.37
2015.04.15 03:19:10.221,0.73326,0.73359,1.00,1.37
2015.04.15 03:19:10.513,0.73324,0.73356,1.00,1.87
2015.04.15 03:19:10.614,0.73324,0.73355,1.00,1.37
2015.04.15 03:19:11.271,0.73323,0.73355,1.00,1.87
2015.04.15 03:19:13.138,0.73323,0.73355,1.00,1.12
2015.04.15 03:19:14.358,0.73324,0.73356,1.00,1.37
2015.04.15 03:19:15.969,0.73319,0.73353,1.00,1.87
2015.04.15 03:19:16.187,0.73317,0.7335,1.00,1.37
2015.04.15 03:19:16.708,0.73318,0.73351,1.00,1.87
2015.04.15 03:19:18.518,0.73318,0.73351,1.00,2.62
2015.04.15 03:19:18.749,0.73316,0.73346,1.00,1.00
2015.04.15 03:19:21.777,0.73316,0.73349,1.00,1.00
2015.04.15 03:19:22.131,0.73317,0.7335,1.00,1.37
2015.04.15 03:19:24.138,0.7332,0.73351,1.00,1.87
2015.04.15 03:19:24.188,0.7332,0.73351,1.00,1.87
2015.04.15 03:19:24.239,0.73322,0.73351,1.00,1.12
2015.04.15 03:19:24.490,0.73323,0.73355,1.00,1.00
2015.04.15 03:19:24.770,0.73326,0.73356,1.00,1.00
2015.04.15 03:19:25.123,0.73326,0.73359,1.00,1.12
2015.04.15 03:19:25.223,0.73328,0.7336,1.00,1.37
2015.04.15 03:19:25.402,0.73328,0.7336,1.00,1.12
2015.04.15 03:19:25.453,0.73328,0.73355,1.00,1.00
2015.04.15 03:19:32.558,0.73328,0.73356,1.00,1.00
2015.04.15 03:19:33.218,0.73328,0.73355,1.00,1.00
2015.04.15 03:19:35.857,0.73328,0.73361,1.00,1.50
2015.04.15 03:19:36.747,0.73328,0.73361,1.00,1.87
2015.04.15 03:19:38.829,0.73328,0.73355,1.00,1.00
2015.04.15 03:19:42.678,0.73328,0.73361,1.00,1.50
2015.04.15 03:19:46.893,0.73328,0.73361,1.00,1.87
2015.04.15 03:19:47.197,0.73328,0.73356,1.00,1.00
2015.04.15 03:19:47.628,0.73328,0.73359,1.00,1.12
2015.04.15 03:19:47.849,0.73328,0.73356,1.00,1.00
2015.04.15 03:19:47.899,0.73324,0.73356,1.00,1.50
2015.04.15 03:19:48.000,0.73326,0.73356,1.00,1.00
2015.04.15 03:19:48.220,0.73326,0.73359,1.00,1.37
2015.04.15 03:19:55.456,0.73329,0.7336,1.00,1.87
2015.04.15 03:20:02.699,0.73329,0.73355,1.00,1.00
2015.04.15 03:20:04.638,0.73329,0.73356,1.00,1.00
2015.04.15 03:20:04.691,0.73327,0.73356,1.00,1.00
2015.04.15 03:20:07.446,0.73328,0.73356,1.00,1.00
2015.04.15 03:20:12.819,0.73328,0.73355,1.00,1.00
2015.04.15 03:20:13.387,0.73327,0.73355,1.00,1.00
2015.04.15 03:20:14.294,0.73326,0.73355,1.00,1.00
2015.04.15 03:20:33.642,0.73332,0.73355,1.00,1.00
2015.04.15 03:20:33.693,0.73328,0.73361,1.00,1.87
2015.04.15 03:20:35.386,0.73327,0.7336,1.00,1.37
2015.04.15 03:20:35.712,0.73328,0.73361,1.00,1.50
2015.04.15 03:20:35.763,0.73334,0.73361,1.00,1.12
2015.04.15 03:20:35.863,0.73329,0.7336,1.00,1.00
2015.04.15 03:20:38.446,0.73329,0.73362,1.00,1.37
2015.04.15 03:20:38.703,0.73332,0.73361,1.00,1.00
2015.04.15 03:20:38.803,0.7333,0.73361,1.00,1.87
2015.04.15 03:20:39.046,0.73328,0.73361,1.00,1.87
2015.04.15 03:20:40.361,0.73327,0.7336,1.00,1.37
2015.04.15 03:20:41.478,0.73329,0.7336,1.00,1.00
2015.04.15 03:20:49.597,0.73329,0.7336,1.00,1.37
2015.04.15 03:20:52.184,0.73329,0.7336,1.00,1.12
2015.04.15 03:20:53.626,0.7333,0.7336,1.00,1.12
2015.04.15 03:20:57.694,0.73331,0.73361,1.00,1.00
2015.04.15 03:20:58.502,0.73332,0.73361,1.00,1.00
2015.04.15 03:20:59.181,0.73332,0.73365,1.00,1.87
2015.04.15 03:20:59.232,0.73332,0.73365,1.00,1.87
2015.04.15 03:20:59.897,0.73332,0.7336,1.00,1.00
2015.04.15 03:21:00.504,0.73332,0.73361,1.00,1.00
2015.04.15 03:21:14.307,0.73332,0.7336,1.00,1.00
2015.04.15 03:21:15.147,0.73332,0.73361,1.00,1.00
2015.04.15 03:21:22.186,0.73332,0.73361,1.00,1.37
2015.04.15 03:21:22.287,0.73327,0.7336,1.00,1.37
2015.04.15 03:21:22.388,0.73327,0.7336,1.00,1.50
2015.04.15 03:21:22.712,0.73324,0.73355,1.00,1.12
2015.04.15 03:21:22.812,0.73322,0.73355,1.00,1.12
2015.04.15 03:21:23.150,0.73322,0.73355,1.00,1.37
2015.04.15 03:21:24.532,0.7332,0.73354,1.00,1.37
2015.04.15 03:21:27.656,0.7332,0.73345,1.00,1.00
2015.04.15 03:21:27.756,0.73316,0.73345,1.00,1.00
2015.04.15 03:21:27.857,0.73319,0.73347,1.00,1.37
2015.04.15 03:21:28.108,0.73316,0.73349,1.00,1.37
2015.04.15 03:21:28.675,0.73316,0.73345,1.00,1.00
2015.04.15 03:21:33.466,0.73315,0.73345,1.00,1.12
2015.04.15 03:21:41.194,0.73315,0.73346,1.00,1.37
2015.04.15 03:21:41.857,0.73314,0.73346,1.00,1.37
2015.04.15 03:21:42.714,0.73315,0.73348,1.00,1.37
2015.04.15 03:21:42.778,0.73315,0.73348,1.00,1.37
2015.04.15 03:21:42.897,0.73315,0.73348,1.00,1.37
2015.04.15 03:21:43.218,0.73319,0.73353,1.00,1.75
2015.04.15 03:21:44.081,0.73319,0.73353,1.00,1.75
2015.04.15 03:21:44.626,0.7332,0.73353,1.00,1.75
2015.04.15 03:21:44.682,0.7332,0.73353,1.00,1.37
2015.04.15 03:21:44.883,0.73321,0.73351,1.00,1.00
2015.04.15 03:21:46.303,0.73321,0.73354,1.00,1.37
2015.04.15 03:21:46.358,0.73323,0.73354,1.00,1.37
2015.04.15 03:21:52.514,0.73322,0.73354,1.00,2.25
2015.04.15 03:21:58.111,0.73322,0.73353,1.00,1.37
2015.04.15 03:21:58.685,0.73323,0.73354,1.00,1.37
2015.04.15 03:22:03.132,0.73323,0.73353,1.00,1.37
2015.04.15 03:22:03.325,0.73322,0.7335,1.00,1.00
2015.04.15 03:22:03.525,0.73322,0.73355,1.00,1.37
2015.04.15 03:22:21.533,0.73322,0.73355,1.00,1.37
2015.04.15 03:22:21.670,0.73319,0.73353,1.00,1.37
2015.04.15 03:22:23.516,0.7332,0.7335,1.00,1.12
2015.04.15 03:22:23.849,0.73322,0.73354,1.00,1.37
2015.04.15 03:22:24.786,0.73325,0.73354,1.00,1.37
2015.04.15 03:22:26.668,0.73325,0.73358,1.00,1.37
2015.04.15 03:22:29.706,0.73325,0.73358,1.00,1.87
2015.04.15 03:22:29.757,0.73325,0.73358,1.00,1.87
2015.04.15 03:22:30.856,0.73325,0.73355,1.00,1.00
2015.04.15 03:22:32.864,0.73324,0.73355,1.00,1.00
2015.04.15 03:22:34.652,0.73324,0.73355,1.00,1.37
2015.04.15 03:22:39.390,0.73324,0.73355,1.00,1.37
2015.04.15 03:22:40.674,0.73322,0.73355,1.00,1.37
2015.04.15 03:22:42.810,0.73321,0.73354,1.00,1.37
2015.04.15 03:22:49.773,0.73321,0.73354,1.00,1.50
2015.04.15 03:22:52.136,0.7332,0.73351,1.00,1.87
2015.04.15 03:22:55.854,0.73321,0.73351,1.00,1.87
2015.04.15 03:22:56.183,0.73321,0.73351,1.00,1.87
2015.04.15 03:22:57.053,0.73321,0.73351,1.00,1.87
2015.04.15 03:23:14.709,0.73321,0.73351,1.00,2.25
2015.04.15 03:23:14.773,0.73319,0.73351,1.00,2.25
2015.04.15 03:23:28.531,0.73319,0.7335,1.00,1.87
2015.04.15 03:23:29.453,0.7332,0.7335,1.00,1.37
2015.04.15 03:23:30.144,0.7332,0.7335,1.00,1.87
2015.04.15 03:23:30.384,0.73319,0.73351,1.00,1.37
2015.04.15 03:23:34.984,0.7332,0.73351,1.00,1.37
2015.04.15 03:23:35.038,0.73316,0.73346,1.00,1.12
2015.04.15 03:23:35.088,0.73316,0.73346,1.00,1.37
2015.04.15 03:23:35.139,0.73313,0.73346,1.00,1.87
2015.04.15 03:23:35.190,0.73313,0.73342,1.00,1.37
2015.04.15 03:23:35.291,0.73313,0.73343,1.00,1.37
2015.04.15 03:23:35.346,0.73311,0.73342,1.00,1.12
2015.04.15 03:23:35.397,0.73311,0.73342,1.00,1.37
2015.04.15 03:23:35.453,0.73308,0.73341,1.00,1.37
2015.04.15 03:23:35.866,0.73308,0.73341,1.00,1.37
2015.04.15 03:23:36.155,0.73308,0.73341,1.00,1.37
2015.04.15 03:23:36.684,0.73307,0.73341,1.00,1.37
2015.04.15 03:23:37.662,0.73311,0.73343,1.00,1.37
2015.04.15 03:23:38.282,0.73311,0.73343,1.00,1.37
2015.04.15 03:23:39.063,0.73311,0.73343,1.00,1.50
2015.04.15 03:23:41.145,0.73313,0.73343,1.00,1.50
2015.04.15 03:23:41.196,0.73313,0.73343,1.00,1.37
2015.04.15 03:23:41.447,0.73316,0.73346,1.00,1.37
2015.04.15 03:23:42.684,0.73315,0.73346,1.00,1.50
2015.04.15 03:23:42.868,0.73315,0.73346,1.00,1.87
2015.04.15 03:23:43.974,0.73316,0.73346,1.00,2.62
2015.04.15 03:23:44.523,0.73317,0.73345,1.00,1.37
2015.04.15 03:23:45.099,0.73318,0.73345,1.00,1.00
2015.04.15 03:23:47.009,0.73318,0.7335,1.00,1.37
2015.04.15 03:23:49.804,0.73319,0.73351,1.00,3.00
2015.04.15 03:23:50.684,0.73319,0.7335,1.00,2.25
2015.04.15 03:23:52.134,0.73323,0.73351,1.00,1.87
2015.04.15 03:23:52.597,0.73323,0.7335,1.00,1.12
2015.04.15 03:23:53.900,0.73323,0.7335,1.00,1.37
2015.04.15 03:23:54.100,0.73321,0.7335,1.00,1.37
2015.04.15 03:23:54.915,0.73321,0.7335,1.00,1.87
2015.04.15 03:23:57.223,0.73321,0.7335,1.00,1.87
2015.04.15 03:23:59.498,0.73321,0.7335,1.00,1.87
2015.04.15 03:23:59.624,0.73316,0.73345,1.00,1.00
2015.04.15 03:23:59.724,0.73319,0.73345,1.00,1.00
2015.04.15 03:23:59.926,0.73319,0.7335,1.00,1.37
2015.04.15 03:24:00.127,0.73319,0.7335,1.00,1.75
2015.04.15 03:24:00.253,0.73317,0.73347,1.00,1.37
2015.04.15 03:24:00.800,0.73317,0.73346,1.00,1.87
2015.04.15 03:24:21.296,0.73317,0.73341,1.00,1.00
2015.04.15 03:24:26.207,0.73316,0.73341,1.00,1.00
2015.04.15 03:24:32.405,0.73317,0.73341,1.00,1.00
2015.04.15 03:24:32.793,0.73319,0.7334,1.00,1.00
2015.04.15 03:24:33.461,0.73321,0.73346,1.00,1.00
2015.04.15 03:24:34.333,0.73321,0.7334,1.00,1.00
2015.04.15 03:24:47.332,0.7332,0.7334,1.00,1.00
2015.04.15 03:24:49.135,0.73321,0.7334,1.00,1.00
2015.04.15 03:24:50.294,0.73321,0.73345,1.00,1.00
2015.04.15 03:24:50.454,0.73324,0.73345,1.00,1.00
2015.04.15 03:24:50.993,0.73324,0.73351,1.00,1.37
2015.04.15 03:24:55.906,0.73324,0.73346,1.00,1.00
2015.04.15 03:24:56.112,0.73324,0.73351,1.00,1.37
2015.04.15 03:24:57.060,0.73325,0.73351,1.00,1.37
2015.04.15 03:25:01.412,0.73327,0.73351,1.00,1.37
2015.04.15 03:25:02.610,0.73327,0.73351,1.00,1.12
2015.04.15 03:25:03.593,0.73327,0.73346,1.00,1.00
2015.04.15 03:25:03.724,0.73324,0.73346,1.00,1.00
2015.04.15 03:25:04.777,0.73323,0.73346,1.00,1.00
2015.04.15 03:25:11.209,0.73325,0.73346,1.00,1.00
2015.04.15 03:25:11.337,0.73325,0.73351,1.00,1.37
2015.04.15 03:25:11.674,0.73325,0.73345,1.00,1.00
2015.04.15 03:25:11.879,0.73326,0.73351,1.00,1.00
2015.04.15 03:25:12.413,0.73326,0.7335,1.00,1.00
2015.04.15 03:25:19.535,0.73326,0.73351,1.00,1.00
2015.04.15 03:25:24.517,0.73326,0.7335,1.00,1.00
2015.04.15 03:25:29.792,0.73327,0.7335,1.00,1.00
2015.04.15 03:25:30.295,0.73327,0.73351,1.00,1.00
2015.04.15 03:25:30.796,0.73329,0.73351,1.00,1.00
2015.04.15 03:25:30.897,0.73329,0.73355,1.00,1.00
2015.04.15 03:25:31.510,0.73331,0.73355,1.00,1.00
2015.04.15 03:25:36.153,0.73331,0.73351,1.00,1.00
2015.04.15 03:25:45.394,0.73331,0.73356,1.00,1.00
2015.04.15 03:25:46.855,0.73332,0.73356,1.00,1.00
2015.04.15 03:25:46.956,0.73334,0.73356,1.00,1.00
2015.04.15 03:25:48.388,0.73334,0.73355,1.00,1.00
2015.04.15 03:25:49.354,0.73334,0.73356,1.00,1.00
2015.04.15 03:25:50.602,0.73334,0.73355,1.00,1.00
2015.04.15 03:25:50.935,0.73333,0.7336,1.00,1.00
2015.04.15 03:25:51.036,0.73335,0.7336,1.00,1.00
2015.04.15 03:25:51.440,0.73337,0.73361,1.00,1.00
2015.04.15 03:25:51.742,0.7334,0.73361,1.00,1.00
2015.04.15 03:25:53.587,0.7334,0.7336,1.00,1.00
2015.04.15 03:25:57.244,0.73339,0.73366,1.00,1.12
2015.04.15 03:25:57.732,0.73337,0.73365,1.00,1.00
2015.04.15 03:25:58.151,0.73337,0.7336,1.00,1.00
2015.04.15 03:25:58.660,0.73336,0.7336,1.00,1.00
2015.04.15 03:25:59.193,0.73333,0.73361,1.00,1.00
2015.04.15 03:25:59.412,0.73331,0.73356,1.00,1.00
2015.04.15 03:25:59.715,0.7333,0.73356,1.00,1.37
2015.04.15 03:25:59.791,0.7333,0.73356,1.00,1.12
2015.04.15 03:25:59.891,0.73328,0.73356,1.00,1.12
2015.04.15 03:25:59.991,0.73328,0.73356,1.00,1.37
2015.04.15 03:26:01.290,0.73326,0.7335,1.00,1.00
2015.04.15 03:26:02.115,0.73326,0.73356,1.00,1.37
2015.04.15 03:26:03.689,0.73329,0.73351,1.00,1.00
2015.04.15 03:26:05.983,0.7333,0.73351,1.00,1.00
2015.04.15 03:26:06.182,0.7333,0.73356,1.00,1.00
2015.04.15 03:26:06.673,0.73333,0.73355,1.00,1.00
2015.04.15 03:26:07.282,0.73332,0.73356,1.00,1.00
2015.04.15 03:26:07.613,0.73334,0.73356,1.00,1.00
2015.04.15 03:26:08.813,0.73334,0.73355,1.00,1.00
2015.04.15 03:26:09.389,0.73334,0.73356,1.00,1.00
2015.04.15 03:26:11.836,0.73336,0.73356,1.00,1.00
2015.04.15 03:26:11.902,0.73336,0.73361,1.00,1.00
2015.04.15 03:26:12.532,0.73337,0.7336,1.00,1.00
2015.04.15 03:26:13.359,0.73338,0.73361,1.00,1.00
2015.04.15 03:26:13.511,0.73336,0.73361,1.00,1.00
2015.04.15 03:26:14.234,0.73335,0.73361,1.00,1.00
2015.04.15 03:26:14.783,0.73335,0.7336,1.00,1.00
2015.04.15 03:26:30.052,0.73335,0.73366,1.00,1.37
2015.04.15 03:26:31.348,0.73337,0.73366,1.00,1.37
2015.04.15 03:26:31.674,0.73336,0.73361,1.00,1.00
2015.04.15 03:26:32.162,0.73338,0.73361,1.00,1.00
2015.04.15 03:26:32.956,0.73337,0.73361,1.00,1.00
2015.04.15 03:26:33.163,0.73337,0.73365,1.00,1.12
2015.04.15 03:26:33.821,0.73337,0.73361,1.00,1.00
2015.04.15 03:26:34.473,0.73335,0.73361,1.00,1.00
2015.04.15 03:26:35.050,0.73334,0.73361,1.00,1.00
2015.04.15 03:26:35.607,0.73333,0.73361,1.00,1.37
2015.04.15 03:26:42.119,0.73333,0.73361,1.00,1.12
2015.04.15 03:26:42.642,0.73332,0.73361,1.00,1.12
2015.04.15 03:26:43.824,0.73334,0.73361,1.00,1.12
2015.04.15 03:26:43.978,0.73335,0.73365,1.00,1.87
2015.04.15 03:26:44.032,0.73335,0.73365,1.00,1.87
2015.04.15 03:26:44.083,0.73333,0.73361,1.00,1.00
2015.04.15 03:26:44.183,0.73331,0.73361,1.00,1.37
2015.04.15 03:26:44.234,0.73331,0.73361,1.00,1.37
2015.04.15 03:26:44.486,0.73326,0.73356,1.00,1.37
2015.04.15 03:26:44.636,0.73326,0.73351,1.00,1.00
2015.04.15 03:26:44.737,0.73326,0.73355,1.00,1.37
2015.04.15 03:26:44.973,0.73325,0.73355,1.00,1.37
2015.04.15 03:26:45.285,0.73322,0.73354,1.00,1.75
2015.04.15 03:26:45.487,0.73316,0.73347,1.00,1.50
2015.04.15 03:26:45.547,0.73316,0.73347,1.00,1.37
2015.04.15 03:26:46.739,0.73316,0.73346,1.00,1.00
2015.04.15 03:26:47.543,0.73317,0.73346,1.00,1.12
2015.04.15 03:26:48.001,0.73317,0.7335,1.00,1.87
2015.04.15 03:26:48.111,0.73319,0.7335,1.00,1.37
2015.04.15 03:26:48.341,0.73319,0.73352,1.00,1.37
2015.04.15 03:26:48.442,0.73322,0.73354,1.00,1.37
2015.04.15 03:26:48.493,0.73322,0.73355,1.00,1.12
2015.04.15 03:26:48.598,0.73324,0.7335,1.00,1.00
2015.04.15 03:26:48.915,0.73324,0.73355,1.00,1.00
2015.04.15 03:26:49.016,0.73329,0.73355,1.00,1.00
2015.04.15 03:26:52.098,0.73328,0.73355,1.00,1.00
2015.04.15 03:26:52.612,0.73328,0.73356,1.00,1.00
2015.04.15 03:26:56.250,0.73327,0.73356,1.00,1.12
2015.04.15 03:27:01.947,0.73325,0.73351,1.00,1.00
2015.04.15 03:27:03.632,0.73325,0.7335,1.00,1.00
2015.04.15 03:27:05.941,0.73325,0.73351,1.00,1.00
2015.04.15 03:27:07.077,0.73325,0.7335,1.00,1.00
2015.04.15 03:27:08.693,0.73325,0.73351,1.00,1.00
2015.04.15 03:27:14.071,0.73324,0.73351,1.00,1.00
2015.04.15 03:27:45.876,0.73324,0.7335,1.00,1.12
2015.04.15 03:27:53.166,0.73322,0.73351,1.00,1.37
2015.04.15 03:27:53.267,0.73322,0.7335,1.00,1.37
2015.04.15 03:27:53.368,0.7332,0.73351,1.00,2.25
2015.04.15 03:27:53.629,0.73319,0.73345,1.00,1.37
2015.04.15 03:27:53.679,0.73317,0.73345,1.00,1.37
2015.04.15 03:27:53.780,0.73315,0.73345,1.00,1.37
2015.04.15 03:27:54.050,0.73314,0.73341,1.00,1.37
2015.04.15 03:27:54.332,0.73312,0.73342,1.00,1.37
2015.04.15 03:27:54.382,0.73312,0.73335,1.00,1.00
2015.04.15 03:27:54.551,0.73309,0.73335,1.00,1.00
2015.04.15 03:27:54.651,0.73309,0.73341,1.00,1.37
2015.04.15 03:27:54.821,0.7331,0.73335,1.00,1.00
2015.04.15 03:27:58.179,0.73311,0.73335,1.00,1.00
2015.04.15 03:28:00.584,0.73315,0.73341,1.00,1.00
2015.04.15 03:28:00.735,0.73318,0.73345,1.00,1.37
2015.04.15 03:28:00.786,0.73318,0.73345,1.00,1.37
2015.04.15 03:28:01.332,0.73319,0.73346,1.00,1.37
2015.04.15 03:28:01.955,0.73319,0.73346,1.00,1.00
2015.04.15 03:28:02.635,0.73319,0.7334,1.00,1.00
2015.04.15 03:28:02.836,0.7332,0.73345,1.00,1.00
2015.04.15 03:28:03.037,0.73321,0.73341,1.00,1.00
2015.04.15 03:28:03.472,0.7332,0.73346,1.00,1.00
2015.04.15 03:28:04.131,0.7332,0.73345,1.00,1.00
2015.04.15 03:28:06.050,0.73321,0.73345,1.00,1.00
2015.04.15 03:28:07.872,0.73321,0.73346,1.00,1.00
2015.04.15 03:28:09.093,0.73323,0.73346,1.00,1.00
2015.04.15 03:28:10.841,0.73323,0.73345,1.00,1.00
2015.04.15 03:28:13.623,0.73322,0.73351,1.00,1.37
2015.04.15 03:28:13.803,0.7332,0.73351,1.00,1.37
2015.04.15 03:28:13.854,0.7332,0.73346,1.00,1.00
2015.04.15 03:28:13.954,0.73318,0.73351,1.00,1.87
2015.04.15 03:28:14.156,0.7332,0.73351,1.00,1.87
2015.04.15 03:28:14.621,0.7332,0.73346,1.00,1.00
2015.04.15 03:28:14.722,0.73318,0.73346,1.00,1.00
2015.04.15 03:28:19.910,0.73318,0.73346,1.00,1.37
2015.04.15 03:28:21.273,0.73319,0.73346,1.00,1.00
2015.04.15 03:28:22.061,0.73319,0.73341,1.00,1.00
2015.04.15 03:28:23.071,0.73321,0.73345,1.00,1.00
2015.04.15 03:28:25.450,0.73321,0.73346,1.00,1.00
2015.04.15 03:28:32.279,0.73322,0.73346,1.00,1.00
2015.04.15 03:28:32.330,0.73322,0.7335,1.00,1.12
2015.04.15 03:28:32.621,0.73322,0.73346,1.00,1.00
2015.04.15 03:28:36.901,0.7332,0.73346,1.00,1.00
2015.04.15 03:28:41.345,0.7332,0.73351,1.00,1.37
2015.04.15 03:28:45.454,0.73316,0.73335,1.00,1.00
2015.04.15 03:28:45.504,0.73309,0.73335,1.00,1.00
2015.04.15 03:28:45.920,0.73311,0.73335,1.00,1.00
2015.04.15 03:28:46.039,0.73311,0.73341,1.00,1.87
2015.04.15 03:28:46.619,0.7331,0.73341,1.00,1.87
2015.04.15 03:28:48.791,0.7331,0.73336,1.00,1.00
2015.04.15 03:28:48.900,0.7331,0.73341,1.00,1.87
2015.04.15 03:28:50.617,0.73313,0.73345,1.00,1.87
2015.04.15 03:28:50.873,0.73314,0.73344,1.00,1.12
2015.04.15 03:28:51.346,0.73316,0.73346,1.00,1.37
2015.04.15 03:28:55.832,0.73316,0.7334,1.00,1.00
2015.04.15 03:28:56.150,0.73314,0.73341,1.00,1.00
2015.04.15 03:29:01.348,0.73314,0.7334,1.00,1.00
2015.04.15 03:29:07.380,0.73314,0.73341,1.00,1.00
2015.04.15 03:29:09.171,0.73314,0.73341,1.00,1.37
2015.04.15 03:29:09.272,0.73311,0.73341,1.00,1.37
2015.04.15 03:29:09.389,0.7331,0.73336,1.00,1.00
2015.04.15 03:29:10.051,0.7331,0.73335,1.00,1.00
2015.04.15 03:29:10.152,0.73313,0.73341,1.00,1.12
2015.04.15 03:29:10.619,0.73309,0.73341,1.00,1.12
2015.04.15 03:29:10.674,0.73309,0.73341,1.00,1.37
2015.04.15 03:29:11.299,0.73309,0.73336,1.00,1.00
2015.04.15 03:29:12.039,0.73309,0.73335,1.00,1.00
2015.04.15 03:29:12.890,0.73309,0.73336,1.00,1.00
2015.04.15 03:29:18.822,0.73309,0.73335,1.00,1.00
2015.04.15 03:29:28.390,0.73309,0.73336,1.00,1.00
2015.04.15 03:29:31.249,0.73309,0.73335,1.00,1.00
2015.04.15 03:29:32.078,0.73309,0.73336,1.00,1.00
2015.04.15 03:29:40.538,0.73309,0.73335,1.00,1.00
2015.04.15 03:29:41.299,0.73308,0.73335,1.00,1.00
2015.04.15 03:30:00.181,0.73308,0.73336,1.00,1.12
2015.04.15 03:30:06.545,0.73308,0.73335,1.00,1.00
2015.04.15 03:30:12.154,0.73308,0.73334,1.00,1.00
2015.04.15 03:30:14.642,0.73308,0.73334,1.00,1.37
2015.04.15 03:30:14.693,0.73306,0.73335,1.00,1.37
2015.04.15 03:30:14.810,0.73306,0.7333,1.00,1.00
2015.04.15 03:30:24.818,0.73306,0.73334,1.00,1.37
2015.04.15 03:30:26.579,0.73306,0.7333,1.00,1.00
2015.04.15 03:30:50.168,0.73306,0.73336,1.00,1.37
2015.04.15 03:30:50.465,0.73306,0.73333,1.00,1.37
2015.04.15 03:30:51.621,0.73306,0.73336,1.00,1.37
2015.04.15 03:30:51.824,0.73306,0.73336,1.00,1.37
2015.04.15 03:30:52.630,0.73306,0.73336,1.00,1.75
2015.04.15 03:30:56.148,0.73303,0.73334,1.00,1.37
2015.04.15 03:31:02.320,0.73305,0.73336,1.00,1.87
2015.04.15 03:31:02.789,0.73305,0.73336,1.00,1.37
2015.04.15 03:31:03.325,0.73305,0.73335,1.00,1.37
2015.04.15 03:31:04.408,0.73304,0.73336,1.00,1.87
2015.04.15 03:31:05.164,0.73303,0.73335,1.00,1.37
2015.04.15 03:31:05.671,0.73303,0.73331,1.00,1.00
2015.04.15 03:31:06.009,0.73303,0.73333,1.00,1.87
2015.04.15 03:31:06.498,0.73297,0.73329,1.00,2.25
2015.04.15 03:31:06.600,0.73297,0.73329,1.00,1.87
2015.04.15 03:31:06.778,0.73297,0.73326,1.00,1.00
2015.04.15 03:31:09.568,0.73295,0.73326,1.00,1.12
2015.04.15 03:31:09.677,0.73297,0.73326,1.00,1.12
2015.04.15 03:31:10.193,0.73298,0.73328,1.00,1.00
2015.04.15 03:31:10.294,0.73298,0.7333,1.00,1.00
2015.04.15 03:31:10.495,0.73301,0.73331,1.00,1.12
2015.04.15 03:31:11.375,0.73302,0.73331,1.00,1.12
2015.04.15 03:31:12.085,0.73302,0.7333,1.00,1.00
2015.04.15 03:31:13.129,0.73301,0.7333,1.00,1.00
2015.04.15 03:31:17.337,0.73301,0.73333,1.00,1.37
2015.04.15 03:31:17.513,0.73302,0.73334,1.00,1.00
2015.04.15 03:31:17.614,0.73304,0.73336,1.00,1.87
2015.04.15 03:31:17.932,0.73308,0.7334,1.00,1.87
2015.04.15 03:31:18.274,0.7331,0.7334,1.00,1.87
2015.04.15 03:31:18.575,0.73308,0.73335,1.00,1.00
2015.04.15 03:31:20.347,0.73307,0.73335,1.00,1.00
2015.04.15 03:31:21.152,0.73306,0.73335,1.00,1.37
2015.04.15 03:31:21.203,0.73303,0.73335,1.00,1.87
2015.04.15 03:31:21.386,0.73303,0.73335,1.00,1.87
2015.04.15 03:31:21.607,0.73302,0.73334,1.00,1.00
2015.04.15 03:31:21.887,0.73302,0.73334,1.00,1.37
2015.04.15 03:31:24.378,0.73302,0.7333,1.00,1.00
2015.04.15 03:31:25.087,0.73299,0.73331,1.00,1.50
2015.04.15 03:31:25.188,0.73299,0.73328,1.00,1.00
2015.04.15 03:31:25.238,0.73295,0.73327,1.00,1.37
2015.04.15 03:31:26.102,0.73293,0.73323,1.00,1.00
2015.04.15 03:31:27.201,0.73293,0.73323,1.00,1.37
2015.04.15 03:31:37.105,0.73292,0.73322,1.00,1.12
2015.04.15 03:31:38.128,0.73292,0.7332,1.00,1.00
2015.04.15 03:31:38.179,0.73289,0.7332,1.00,1.00
2015.04.15 03:31:38.400,0.7329,0.73322,1.00,1.12
2015.04.15 03:31:43.459,0.7329,0.73322,1.00,1.37
2015.04.15 03:31:43.570,0.73287,0.73319,1.00,1.12
2015.04.15 03:31:48.535,0.73288,0.7332,1.00,1.00
2015.04.15 03:31:48.736,0.7329,0.73322,1.00,1.37
2015.04.15 03:31:49.239,0.73289,0.73319,1.00,1.00
2015.04.15 03:31:51.085,0.73293,0.73323,1.00,1.37
2015.04.15 03:31:51.185,0.73293,0.73325,1.00,1.00
2015.04.15 03:31:51.487,0.73295,0.73327,1.00,1.12
2015.04.15 03:31:51.807,0.73298,0.7333,1.00,1.00
2015.04.15 03:31:52.370,0.73299,0.73331,1.00,1.00
2015.04.15 03:31:52.707,0.73303,0.73335,1.00,1.37
2015.04.15 03:31:53.308,0.73304,0.73334,1.00,1.00
2015.04.15 03:31:57.224,0.73303,0.73333,1.00,1.00
2015.04.15 03:31:59.507,0.73304,0.73334,1.00,1.00
2015.04.15 03:32:00.991,0.73301,0.73333,1.00,1.00
2015.04.15 03:32:02.710,0.73304,0.73334,1.00,1.12
2015.04.15 03:32:02.928,0.73301,0.73333,1.00,1.00
2015.04.15 03:32:03.479,0.73301,0.73331,1.00,1.00
2015.04.15 03:32:03.730,0.73301,0.73333,1.00,1.00
2015.04.15 03:32:11.071,0.733,0.73332,1.00,1.00
2015.04.15 03:32:13.292,0.73301,0.73333,1.00,1.12
2015.04.15 03:32:20.996,0.73303,0.73335,1.00,1.12
2015.04.15 03:32:21.336,0.73305,0.73335,1.00,1.00
2015.04.15 03:32:22.402,0.73305,0.73337,1.00,1.12
2015.04.15 03:32:25.719,0.73304,0.73336,1.00,1.00
2015.04.15 03:32:26.127,0.73307,0.73337,1.00,1.12
2015.04.15 03:32:28.573,0.73307,0.73337,1.00,1.75
2015.04.15 03:32:28.674,0.73304,0.73334,1.00,1.37
2015.04.15 03:32:28.775,0.733,0.7333,1.00,1.37
2015.04.15 03:32:28.987,0.73294,0.73326,1.00,1.37
2015.04.15 03:32:31.516,0.73296,0.73326,1.00,1.37
2015.04.15 03:32:40.770,0.73298,0.73328,1.00,1.37
2015.04.15 03:32:47.141,0.73299,0.73331,1.00,1.37
2015.04.15 03:33:17.398,0.733,0.7333,1.00,1.37
2015.04.15 03:33:17.619,0.73298,0.73326,1.00,1.12
2015.04.15 03:33:17.788,0.73298,0.73321,1.00,1.00
2015.04.15 03:33:17.838,0.73296,0.73321,1.00,1.00
2015.04.15 03:33:17.939,0.73296,0.73325,1.00,1.12
2015.04.15 03:33:18.495,0.73295,0.73326,1.00,1.37
2015.04.15 03:33:20.997,0.73295,0.73326,1.00,1.37
2015.04.15 03:33:21.299,0.73295,0.73326,1.37,1.00
2015.04.15 03:33:21.601,0.73302,0.73326,1.00,1.00
2015.04.15 03:33:21.651,0.73302,0.73334,1.00,1.50
2015.04.15 03:33:21.702,0.73307,0.73335,1.00,1.00
2015.04.15 03:33:21.883,0.73307,0.73339,1.00,1.00
2015.04.15 03:33:21.934,0.73309,0.73341,1.00,1.50
2015.04.15 03:33:22.297,0.73309,0.73339,1.00,1.00
2015.04.15 03:33:22.348,0.73308,0.73341,1.00,1.50
2015.04.15 03:33:22.448,0.7331,0.73341,1.00,1.50
2015.04.15 03:33:22.845,0.73312,0.7334,1.00,1.00
2015.04.15 03:33:23.186,0.73311,0.73336,1.00,1.00
2015.04.15 03:33:24.339,0.7331,0.73336,1.00,1.00
2015.04.15 03:33:24.389,0.7331,0.73341,1.00,1.00
2015.04.15 03:33:25.423,0.7331,0.73341,1.00,1.37
2015.04.15 03:33:25.676,0.73308,0.73341,1.00,1.37
2015.04.15 03:33:26.736,0.73308,0.73341,1.00,1.12
2015.04.15 03:33:36.069,0.73308,0.73341,1.00,1.37
2015.04.15 03:33:36.477,0.73307,0.7334,1.00,1.37
2015.04.15 03:33:36.779,0.73308,0.73336,1.00,1.12
2015.04.15 03:33:37.635,0.73308,0.73335,1.00,1.00
2015.04.15 03:33:37.954,0.73306,0.73335,1.00,1.00
2015.04.15 03:33:41.878,0.73306,0.73336,1.00,1.12
2015.04.15 03:33:45.946,0.73306,0.73335,1.00,1.00
2015.04.15 03:33:46.606,0.73306,0.73336,1.00,1.12
2015.04.15 03:33:48.679,0.73306,0.73336,1.00,1.37
2015.04.15 03:33:49.311,0.73305,0.73335,1.00,1.12
2015.04.15 03:33:49.362,0.73302,0.73334,1.00,1.37
2015.04.15 03:33:52.289,0.73302,0.73334,1.00,1.12
2015.04.15 03:33:53.769,0.73301,0.73333,1.00,1.00
2015.04.15 03:33:56.105,0.73302,0.73334,1.00,1.12
2015.04.15 03:34:03.570,0.73302,0.73332,1.00,1.00
2015.04.15 03:34:03.621,0.73302,0.73334,1.00,1.00
2015.04.15 03:34:05.187,0.73302,0.73333,1.00,1.37
2015.04.15 03:34:05.346,0.733,0.73332,1.00,1.87
2015.04.15 03:34:05.795,0.73299,0.73332,1.00,1.37
2015.04.15 03:34:06.102,0.73298,0.73329,1.00,1.37
2015.04.15 03:34:06.152,0.73296,0.73329,1.00,1.87
2015.04.15 03:34:06.676,0.73297,0.73329,1.00,1.37
2015.04.15 03:34:07.988,0.73297,0.73329,1.00,1.12
2015.04.15 03:34:08.147,0.73297,0.73326,1.00,1.00
2015.04.15 03:34:09.577,0.73296,0.73326,1.00,1.00
2015.04.15 03:34:10.085,0.73295,0.73326,1.00,1.00
2015.04.15 03:34:11.137,0.73294,0.73326,1.00,1.87
2015.04.15 03:34:13.209,0.73293,0.73325,1.00,1.00
2015.04.15 03:34:16.038,0.73294,0.73326,1.00,1.87
2015.04.15 03:34:17.525,0.73293,0.73325,1.00,1.00
2015.04.15 03:34:24.485,0.73296,0.73328,1.00,1.37
2015.04.15 03:34:24.655,0.73296,0.73328,1.00,1.00
2015.04.15 03:34:24.814,0.73298,0.73329,1.00,1.00
2015.04.15 03:34:25.297,0.73298,0.73331,1.00,1.00
2015.04.15 03:34:25.815,0.73299,0.7333,1.00,1.00
2015.04.15 03:34:26.244,0.73297,0.7333,1.00,1.12
2015.04.15 03:34:40.214,0.733,0.7333,1.00,1.87
2015.04.15 03:34:46.153,0.733,0.73331,1.00,1.12
2015.04.15 03:34:53.921,0.733,0.73332,1.00,1.12
2015.04.15 03:34:57.103,0.73302,0.73334,1.00,1.37
2015.04.15 03:35:04.704,0.73301,0.73333,1.00,1.37
2015.04.15 03:35:09.546,0.73303,0.73332,1.00,1.00
2015.04.15 03:35:09.798,0.73304,0.73335,1.00,1.00
2015.04.15 03:35:10.095,0.73306,0.73336,1.00,1.00
2015.04.15 03:35:12.916,0.73306,0.73336,1.00,1.37
2015.04.15 03:35:13.607,0.73305,0.73336,1.00,1.87
2015.04.15 03:35:14.385,0.73305,0.73336,1.00,1.87
2015.04.15 03:35:14.870,0.73301,0.73333,1.00,1.87
2015.04.15 03:35:14.920,0.73301,0.73333,1.00,1.87
2015.04.15 03:35:15.571,0.733,0.73332,1.00,1.37
2015.04.15 03:35:16.895,0.733,0.73332,1.00,2.62
2015.04.15 03:35:17.496,0.733,0.73332,1.00,2.62
2015.04.15 03:35:21.646,0.73304,0.73332,1.00,1.50
2015.04.15 03:35:21.697,0.73304,0.73336,1.00,1.37
2015.04.15 03:35:21.797,0.73308,0.73337,1.00,1.37
2015.04.15 03:35:21.898,0.73305,0.73335,1.00,1.12
2015.04.15 03:35:48.089,0.73303,0.73335,1.00,1.12
2015.04.15 03:35:51.337,0.73303,0.73335,1.00,1.37
2015.04.15 03:35:56.029,0.73303,0.73333,1.00,1.00
2015.04.15 03:35:56.079,0.73297,0.73329,1.00,1.37
2015.04.15 03:36:06.416,0.73295,0.73327,1.00,1.37
2015.04.15 03:36:06.994,0.73294,0.73326,1.00,1.12
2015.04.15 03:36:08.023,0.73294,0.73326,1.00,1.37
2015.04.15 03:36:08.283,0.73292,0.73325,1.00,1.12
2015.04.15 03:36:10.609,0.73294,0.73326,1.00,1.37
2015.04.15 03:36:23.133,0.73295,0.73327,1.00,1.37
2015.04.15 03:36:23.959,0.73295,0.73327,1.00,1.37
2015.04.15 03:36:24.125,0.73291,0.73324,1.00,1.37
2015.04.15 03:36:24.176,0.73291,0.73324,1.00,1.37
2015.04.15 03:36:25.300,0.73288,0.73321,1.00,1.37
2015.04.15 03:36:26.969,0.73288,0.73321,1.00,1.12
2015.04.15 03:36:27.019,0.7329,0.73321,1.00,1.12
2015.04.15 03:36:27.244,0.7329,0.73323,1.00,1.12
2015.04.15 03:36:27.313,0.73294,0.73325,1.00,1.37
2015.04.15 03:36:27.876,0.73295,0.73327,1.00,1.37
2015.04.15 03:36:28.377,0.73295,0.73327,1.00,1.37
2015.04.15 03:36:46.724,0.73295,0.73327,1.00,1.00
2015.04.15 03:36:47.265,0.73296,0.73328,1.00,1.12
2015.04.15 03:36:49.413,0.73297,0.73329,1.00,1.37
2015.04.15 03:36:50.226,0.73296,0.73328,1.00,1.37
2015.04.15 03:36:51.549,0.73296,0.73328,1.00,1.00
2015.04.15 03:36:51.750,0.73298,0.7333,1.00,1.87
2015.04.15 03:36:52.282,0.73299,0.73331,1.00,1.37
2015.04.15 03:36:52.833,0.733,0.73331,1.00,1.37
2015.04.15 03:36:57.586,0.73299,0.7333,1.00,1.37
2015.04.15 03:36:57.890,0.73298,0.7333,1.00,1.75
2015.04.15 03:36:57.941,0.73296,0.73328,1.00,1.37
2015.04.15 03:37:00.350,0.73296,0.73328,1.00,1.37
2015.04.15 03:37:00.853,0.73296,0.73328,1.00,1.37
2015.04.15 03:37:01.473,0.73297,0.73329,1.00,1.37
2015.04.15 03:37:05.673,0.73297,0.73329,1.00,1.37
2015.04.15 03:37:06.150,0.73299,0.73331,1.00,2.25
2015.04.15 03:37:06.201,0.73299,0.73331,1.00,1.87
2015.04.15 03:37:09.376,0.73299,0.73326,1.00,1.00
2015.04.15 03:37:19.107,0.73299,0.73326,1.00,1.37
2015.04.15 03:37:19.811,0.73299,0.73326,1.00,1.00
2015.04.15 03:37:22.362,0.73299,0.73325,1.00,1.00
2015.04.15 03:37:24.023,0.73299,0.73326,1.00,1.00
2015.04.15 03:37:25.884,0.73299,0.73331,1.00,1.50
2015.04.15 03:37:33.974,0.733,0.7333,1.00,1.00
2015.04.15 03:37:36.172,0.73299,0.73329,1.00,1.00
2015.04.15 03:37:44.972,0.73296,0.73328,1.00,1.00
2015.04.15 03:37:46.423,0.73295,0.73328,1.00,1.00
2015.04.15 03:37:50.511,0.73298,0.73328,1.00,1.00
2015.04.15 03:37:50.869,0.73301,0.73331,1.00,1.00
2015.04.15 03:37:51.220,0.73303,0.73333,1.00,1.00
2015.04.15 03:37:52.451,0.73303,0.73335,1.00,1.00
2015.04.15 03:38:15.445,0.73304,0.73336,1.00,1.37
2015.04.15 03:38:16.078,0.73304,0.73336,1.00,1.00
2015.04.15 03:38:23.142,0.73303,0.73335,1.00,1.00
2015.04.15 03:38:23.932,0.73304,0.73336,1.00,1.00
2015.04.15 03:38:24.689,0.73305,0.73337,1.00,1.00
2015.04.15 03:38:24.940,0.73311,0.73341,1.00,1.50
2015.04.15 03:38:25.443,0.7331,0.7334,1.00,1.00
2015.04.15 03:38:25.563,0.73311,0.73343,1.00,1.00
2015.04.15 03:38:26.110,0.73311,0.73343,1.00,1.37
2015.04.15 03:38:28.020,0.73311,0.73343,1.00,1.37
2015.04.15 03:38:29.724,0.73311,0.73343,1.00,1.37
2015.04.15 03:38:30.626,0.73311,0.73343,1.00,1.37
2015.04.15 03:38:32.120,0.73312,0.73345,1.00,1.37
2015.04.15 03:38:33.192,0.73313,0.73343,1.00,1.12
2015.04.15 03:38:33.835,0.73313,0.73343,1.00,1.37
2015.04.15 03:38:42.502,0.7331,0.73342,1.00,1.12
2015.04.15 03:38:42.671,0.7331,0.73342,1.00,1.37
2015.04.15 03:38:43.246,0.73305,0.73335,1.00,1.00
2015.04.15 03:38:43.298,0.73306,0.73338,1.00,1.12
2015.04.15 03:38:43.398,0.73303,0.73336,1.00,1.00
2015.04.15 03:38:43.499,0.73303,0.73336,1.00,1.37
2015.04.15 03:38:43.788,0.73303,0.73336,1.00,1.00
2015.04.15 03:38:43.838,0.73301,0.73334,1.00,1.00
2015.04.15 03:38:44.413,0.73301,0.73332,1.00,1.00
2015.04.15 03:38:44.632,0.73299,0.73332,1.00,1.00
2015.04.15 03:38:46.606,0.733,0.73333,1.00,1.00
2015.04.15 03:38:49.581,0.733,0.73331,1.00,1.00
2015.04.15 03:39:16.589,0.733,0.73331,1.00,1.37
2015.04.15 03:39:17.083,0.73298,0.7333,1.00,1.12
2015.04.15 03:39:17.632,0.73296,0.73328,1.00,1.00
2015.04.15 03:39:18.110,0.73296,0.73328,1.00,1.37
2015.04.15 03:39:18.404,0.73296,0.73328,1.00,1.37
2015.04.15 03:39:21.146,0.73297,0.73329,1.00,1.37
2015.04.15 03:39:23.817,0.73297,0.73329,1.00,1.37
2015.04.15 03:39:29.171,0.73297,0.73327,1.00,1.00
2015.04.15 03:39:30.202,0.73297,0.73327,1.00,1.37
2015.04.15 03:39:30.541,0.73295,0.73327,1.00,1.37
2015.04.15 03:39:30.790,0.73293,0.73323,1.00,1.00
2015.04.15 03:39:30.900,0.7329,0.73322,1.00,1.00
2015.04.15 03:39:31.258,0.73289,0.73321,1.00,1.37
2015.04.15 03:39:31.845,0.73288,0.7332,1.00,1.37
2015.04.15 03:39:35.758,0.73288,0.7332,1.00,1.12
2015.04.15 03:39:38.505,0.7329,0.7332,1.00,1.12
2015.04.15 03:39:56.875,0.7329,0.7332,1.00,1.37
2015.04.15 03:39:57.497,0.73289,0.73319,1.00,1.12
2015.04.15 03:40:06.980,0.73289,0.73321,1.00,1.37
2015.04.15 03:40:07.307,0.73292,0.73322,1.00,1.00
2015.04.15 03:40:07.680,0.73292,0.73324,1.00,1.00
2015.04.15 03:40:08.318,0.73292,0.73324,1.00,1.37
2015.04.15 03:40:12.174,0.73292,0.73324,1.00,1.12
2015.04.15 03:40:12.603,0.73295,0.73327,1.00,1.00
2015.04.15 03:40:12.921,0.73298,0.7333,1.00,1.50
2015.04.15 03:40:13.945,0.73298,0.7333,1.00,1.37
2015.04.15 03:40:16.329,0.73298,0.7333,1.00,1.12
2015.04.15 03:40:21.058,0.73299,0.73331,1.00,1.37
2015.04.15 03:40:28.637,0.73299,0.73331,1.00,1.37
2015.04.15 03:40:29.598,0.73299,0.73331,1.00,1.00
2015.04.15 03:40:30.190,0.73299,0.73332,1.00,1.00
2015.04.15 03:40:33.766,0.73299,0.73331,1.00,1.37
2015.04.15 03:40:40.272,0.73299,0.73331,1.00,1.37
2015.04.15 03:40:53.948,0.73297,0.73329,1.00,1.00
2015.04.15 03:40:54.599,0.73297,0.73329,1.00,1.37
2015.04.15 03:40:56.148,0.73296,0.73328,1.00,1.12
2015.04.15 03:40:56.948,0.73296,0.73328,1.00,1.37
2015.04.15 03:41:01.758,0.73295,0.73326,1.00,1.00
2015.04.15 03:41:08.359,0.73293,0.73326,1.00,1.12
2015.04.15 03:41:08.879,0.73293,0.73326,1.00,1.37
2015.04.15 03:41:09.359,0.7329,0.73322,1.00,1.00
2015.04.15 03:41:10.329,0.73289,0.73321,1.00,1.00
2015.04.15 03:41:10.889,0.73287,0.73319,1.00,1.00
2015.04.15 03:41:11.241,0.7329,0.73322,1.00,1.00
2015.04.15 03:41:12.347,0.73292,0.73324,1.00,1.37
2015.04.15 03:41:12.649,0.73294,0.73324,1.00,1.00
2015.04.15 03:41:13.530,0.73294,0.73324,1.00,1.37
2015.04.15 03:41:14.604,0.73294,0.73324,1.00,1.12
2015.04.15 03:41:15.169,0.73295,0.73325,1.00,1.37
2015.04.15 03:41:22.013,0.73293,0.73325,1.00,1.50
2015.04.15 03:41:23.550,0.73294,0.73325,1.00,1.00
2015.04.15 03:41:24.849,0.73294,0.73326,1.00,1.12
2015.04.15 03:41:25.118,0.73296,0.73326,1.00,1.00
2015.04.15 03:41:25.737,0.73297,0.73329,1.00,1.37
2015.04.15 03:41:27.938,0.73296,0.73326,1.00,1.12
2015.04.15 03:41:28.248,0.73297,0.73329,1.00,1.12
2015.04.15 03:41:29.399,0.73299,0.73329,1.00,1.12
2015.04.15 03:41:33.871,0.73299,0.73329,1.00,1.37
2015.04.15 03:41:33.921,0.73297,0.73329,1.00,1.37
2015.04.15 03:41:36.187,0.73296,0.73328,1.00,1.12
2015.04.15 03:41:38.279,0.73297,0.73329,1.00,1.37
2015.04.15 03:41:40.928,0.73295,0.73327,1.00,1.00
2015.04.15 03:41:46.817,0.73296,0.73328,1.00,1.12
2015.04.15 03:41:54.277,0.73294,0.73326,1.00,1.00
2015.04.15 03:41:55.487,0.73297,0.73327,1.00,1.00
2015.04.15 03:41:56.295,0.73297,0.73329,1.00,1.12
2015.04.15 03:42:05.608,0.73294,0.73326,1.00,1.00
2015.04.15 03:42:06.740,0.73295,0.73327,1.00,1.12
2015.04.15 03:42:07.351,0.73296,0.73328,1.00,1.00
2015.04.15 03:42:07.861,0.73297,0.73329,1.00,1.00
2015.04.15 03:42:16.277,0.73296,0.73328,1.00,1.00
2015.04.15 03:42:16.579,0.73297,0.73326,1.00,1.00
2015.04.15 03:42:16.629,0.73292,0.73324,1.00,1.00
2015.04.15 03:42:17.157,0.73291,0.73323,1.00,1.00
2015.04.15 03:42:17.304,0.7329,0.73322,1.00,1.37
2015.04.15 03:42:17.852,0.73292,0.73325,1.00,1.87
2015.04.15 03:42:18.361,0.73291,0.73324,1.00,1.00
2015.04.15 03:42:19.315,0.73292,0.73325,1.00,1.00
2015.04.15 03:42:19.365,0.73294,0.73326,1.00,1.00
2015.04.15 03:42:19.935,0.73295,0.73325,1.00,1.00
2015.04.15 03:42:23.441,0.73293,0.73323,1.00,1.00
2015.04.15 03:42:31.498,0.73294,0.73326,1.00,1.00
2015.04.15 03:42:31.599,0.73298,0.7333,1.00,1.00
2015.04.15 03:42:54.473,0.73298,0.7333,1.00,1.87
2015.04.15 03:42:54.795,0.73291,0.73323,1.00,1.00
2015.04.15 03:42:55.582,0.73289,0.73321,1.00,1.00
2015.04.15 03:43:01.706,0.73287,0.73319,1.00,1.00
2015.04.15 03:43:04.828,0.73283,0.73316,1.00,1.00
2015.04.15 03:43:04.937,0.7328,0.73313,1.00,1.00
2015.04.15 03:43:05.494,0.73278,0.73311,1.00,1.00
2015.04.15 03:43:05.995,0.73277,0.7331,1.00,1.00
2015.04.15 03:43:06.336,0.73274,0.73307,1.00,1.00
2015.04.15 03:43:07.353,0.73271,0.73305,1.00,1.00
2015.04.15 03:43:07.555,0.7327,0.73302,1.00,1.00
2015.04.15 03:43:07.655,0.73271,0.73305,1.00,1.00
2015.04.15 03:43:07.806,0.73269,0.73303,1.37,1.00
2015.04.15 03:43:07.907,0.73268,0.73302,1.00,1.00
2015.04.15 03:43:08.127,0.73272,0.73305,1.00,1.00
2015.04.15 03:43:08.450,0.73269,0.73303,1.37,1.00
2015.04.15 03:43:08.755,0.73273,0.73306,1.00,1.00
2015.04.15 03:43:09.286,0.73274,0.73307,1.00,1.00
2015.04.15 03:43:10.318,0.73275,0.73308,1.00,1.00
2015.04.15 03:43:11.386,0.73277,0.7331,1.00,1.00
2015.04.15 03:43:12.707,0.73278,0.73311,1.00,1.00
2015.04.15 03:43:13.366,0.7328,0.73311,1.00,1.00
2015.04.15 03:43:13.600,0.7328,0.73314,1.00,1.00
2015.04.15 03:43:15.597,0.73279,0.73313,1.00,1.00
2015.04.15 03:43:42.626,0.73278,0.73311,1.00,1.00
2015.04.15 03:43:43.820,0.73276,0.73309,1.00,1.00
2015.04.15 03:43:53.347,0.73276,0.73309,1.37,1.00
2015.04.15 03:43:53.448,0.73278,0.73311,1.00,1.00
2015.04.15 03:44:05.065,0.73279,0.73312,1.00,1.00
2015.04.15 03:44:05.607,0.7328,0.73313,1.00,1.00
2015.04.15 03:44:05.726,0.73282,0.73313,1.00,1.00
2015.04.15 03:44:06.819,0.73285,0.73313,1.00,1.00
2015.04.15 03:44:06.869,0.73285,0.73315,1.00,1.00
2015.04.15 03:44:06.920,0.73282,0.73315,1.00,1.00
2015.04.15 03:44:06.970,0.73285,0.73316,1.00,1.00
2015.04.15 03:44:07.045,0.73282,0.73315,1.00,1.00
2015.04.15 03:44:08.926,0.73284,0.73315,1.00,1.00
2015.04.15 03:44:09.026,0.73285,0.73318,1.00,1.00
2015.04.15 03:44:09.277,0.73288,0.73319,1.00,1.00
2015.04.15 03:44:09.396,0.73288,0.73321,1.00,1.00
2015.04.15 03:44:11.692,0.73288,0.73321,1.37,1.00
2015.04.15 03:44:11.817,0.7329,0.73323,1.37,1.00
2015.04.15 03:44:11.885,0.73293,0.73326,1.00,1.00
2015.04.15 03:44:13.205,0.73295,0.73327,1.00,1.00
2015.04.15 03:44:19.365,0.73295,0.73329,1.00,1.00
2015.04.15 03:44:20.076,0.73296,0.7333,1.00,1.00
2015.04.15 03:44:20.177,0.73299,0.7333,1.00,1.00
2015.04.15 03:44:23.371,0.73296,0.73329,1.00,1.00
2015.04.15 03:44:23.545,0.73293,0.73326,1.00,1.00
2015.04.15 03:44:26.527,0.73296,0.73327,1.00,1.00
2015.04.15 03:44:26.628,0.73297,0.73331,1.00,1.50
2015.04.15 03:44:28.080,0.73299,0.73332,1.00,1.00
2015.04.15 03:44:28.381,0.73298,0.7333,1.00,1.00
2015.04.15 03:44:28.532,0.73299,0.73332,1.00,1.00
2015.04.15 03:44:28.647,0.73301,0.73333,1.00,1.00
2015.04.15 03:44:28.848,0.73299,0.73332,1.00,1.00
2015.04.15 03:44:29.062,0.73297,0.7333,1.00,1.00
2015.04.15 03:44:29.415,0.73297,0.73328,1.00,1.00
2015.04.15 03:44:29.525,0.73294,0.73327,1.00,1.00
2015.04.15 03:44:29.757,0.73294,0.73325,1.00,1.00
2015.04.15 03:44:46.204,0.73293,0.73324,1.00,1.00
2015.04.15 03:44:50.431,0.73294,0.73326,1.00,1.00
2015.04.15 03:44:50.532,0.73292,0.73325,1.00,1.00
2015.04.15 03:44:50.765,0.73292,0.73323,1.00,1.00
2015.04.15 03:44:51.066,0.73284,0.73317,1.00,1.00
2015.04.15 03:44:52.171,0.73282,0.73313,1.00,1.00
2015.04.15 03:44:52.804,0.73282,0.73315,1.00,1.00
2015.04.15 03:44:53.618,0.73281,0.73314,1.00,1.00
2015.04.15 03:44:55.151,0.73278,0.73311,1.00,1.00
2015.04.15 03:44:55.659,0.73279,0.73312,1.37,1.00
2015.04.15 03:44:55.710,0.73283,0.73316,1.00,1.00
2015.04.15 03:44:55.884,0.7328,0.73313,1.37,1.00
2015.04.15 03:44:57.459,0.7328,0.73313,1.00,1.00
2015.04.15 03:44:57.865,0.73278,0.73311,1.37,1.00
2015.04.15 03:44:57.918,0.73278,0.73311,1.12,1.00
2015.04.15 03:44:58.084,0.73276,0.73309,1.37,1.00
2015.04.15 03:44:58.219,0.73276,0.73309,1.12,1.00
2015.04.15 03:45:00.961,0.73274,0.73307,1.00,1.00
2015.04.15 03:45:01.392,0.73272,0.73303,1.37,1.00
2015.04.15 03:45:02.144,0.73272,0.73303,1.00,1.00
2015.04.15 03:45:08.686,0.73272,0.73305,1.00,1.00
2015.04.15 03:45:09.680,0.73273,0.73306,1.00,1.00
2015.04.15 03:45:10.115,0.73276,0.73309,1.00,1.00
2015.04.15 03:45:10.515,0.73278,0.73311,1.00,1.00
2015.04.15 03:45:12.587,0.7328,0.73314,1.00,1.00
2015.04.15 03:45:16.315,0.7328,0.73314,1.37,1.00
2015.04.15 03:45:16.565,0.73283,0.73316,1.00,1.00
2015.04.15 03:45:17.020,0.73285,0.73319,1.00,1.00
2015.04.15 03:45:17.570,0.73285,0.73318,1.00,1.00
2015.04.15 03:45:19.871,0.73286,0.73319,1.00,1.00
2015.04.15 03:45:19.975,0.73285,0.73316,1.00,1.00
2015.04.15 03:45:22.407,0.73278,0.73311,1.00,1.00
2015.04.15 03:45:28.444,0.73279,0.73312,1.00,1.00
2015.04.15 03:45:28.978,0.7328,0.73313,1.00,1.00
2015.04.15 03:45:29.237,0.73282,0.73316,1.00,1.00
2015.04.15 03:45:29.437,0.73284,0.73318,1.00,1.00
2015.04.15 03:45:29.789,0.73289,0.73322,1.00,1.00
2015.04.15 03:45:30.775,0.73291,0.73322,1.00,1.00
2015.04.15 03:45:31.311,0.73293,0.73324,1.00,1.00
2015.04.15 03:45:32.994,0.73291,0.73324,1.00,1.00
2015.04.15 03:45:34.096,0.73291,0.73322,1.00,1.00
2015.04.15 03:45:35.048,0.73288,0.73322,1.00,1.00
2015.04.15 03:45:35.198,0.73287,0.7332,1.00,1.00
2015.04.15 03:45:36.162,0.73284,0.73318,1.00,1.12
2015.04.15 03:45:36.293,0.73282,0.73316,1.00,1.00
2015.04.15 03:45:36.626,0.73282,0.73314,1.00,1.00
2015.04.15 03:45:36.727,0.73279,0.73312,1.00,1.00
2015.04.15 03:45:37.053,0.73277,0.7331,1.00,1.00
2015.04.15 03:45:41.404,0.73275,0.73306,1.00,1.00
2015.04.15 03:45:48.943,0.73272,0.73305,1.00,1.00
2015.04.15 03:46:00.379,0.73271,0.73304,1.00,1.00
2015.04.15 03:46:06.202,0.73273,0.73304,1.00,1.00
2015.04.15 03:46:06.878,0.73273,0.73304,1.37,1.00
2015.04.15 03:46:06.978,0.73276,0.73309,1.00,1.00
2015.04.15 03:46:07.179,0.73279,0.7331,1.00,1.00
2015.04.15 03:46:07.304,0.73282,0.73315,1.00,1.00
2015.04.15 03:46:12.249,0.73284,0.73317,1.00,1.00
2015.04.15 03:46:12.816,0.73285,0.73318,1.00,1.12
2015.04.15 03:46:14.409,0.73289,0.73321,1.00,1.50
2015.04.15 03:46:14.924,0.7329,0.73322,1.00,1.00
2015.04.15 03:46:26.193,0.73291,0.73323,1.00,1.00
2015.04.15 03:46:31.498,0.73291,0.73323,1.00,1.37
2015.04.15 03:46:31.843,0.7329,0.7332,1.00,1.00
2015.04.15 03:46:33.781,0.73292,0.73322,1.00,1.12
2015.04.15 03:46:33.831,0.7329,0.73323,1.00,1.00
2015.04.15 03:46:34.226,0.73292,0.73323,1.00,1.00
2015.04.15 03:46:36.974,0.73289,0.73322,1.00,1.00
2015.04.15 03:46:37.344,0.73289,0.7332,1.00,1.00
2015.04.15 03:46:37.413,0.73287,0.7332,1.00,1.50
2015.04.15 03:46:39.206,0.73287,0.73318,1.00,1.00
2015.04.15 03:46:46.653,0.73288,0.73319,1.00,1.12
2015.04.15 03:46:50.724,0.73289,0.73321,1.00,1.87
2015.04.15 03:46:55.180,0.73289,0.73321,1.00,1.50
2015.04.15 03:46:55.730,0.7329,0.73322,1.00,1.00
2015.04.15 03:46:56.347,0.73291,0.73323,1.00,1.00
2015.04.15 03:47:09.894,0.7329,0.73322,1.00,1.00
2015.04.15 03:47:10.661,0.7329,0.73322,1.00,1.37
2015.04.15 03:47:11.348,0.73289,0.73319,1.00,1.00
2015.04.15 03:47:13.164,0.73287,0.7332,1.00,1.87
2015.04.15 03:47:14.047,0.73287,0.7332,1.00,1.37
2015.04.15 03:47:14.813,0.73285,0.73318,1.00,1.12
2015.04.15 03:47:16.171,0.73285,0.73318,1.00,1.37
2015.04.15 03:47:16.272,0.73283,0.73316,1.00,1.00
2015.04.15 03:47:16.373,0.73282,0.73315,1.00,1.37
2015.04.15 03:47:16.473,0.73279,0.73312,1.00,1.00
2015.04.15 03:47:18.423,0.73279,0.73312,1.00,1.87
2015.04.15 03:47:18.524,0.73279,0.73312,1.00,1.87
2015.04.15 03:47:18.574,0.73277,0.7331,1.00,1.37
2015.04.15 03:47:18.675,0.73275,0.73307,1.00,1.00
2015.04.15 03:47:19.254,0.73276,0.73308,1.00,1.00
2015.04.15 03:47:19.679,0.73278,0.73309,1.00,1.00
2015.04.15 03:47:19.780,0.73279,0.73312,1.00,1.00
2015.04.15 03:47:20.031,0.73279,0.7331,1.00,1.00
2015.04.15 03:47:23.069,0.73279,0.73312,1.00,1.00
2015.04.15 03:47:23.172,0.73282,0.73313,1.00,1.00
2015.04.15 03:47:24.737,0.73285,0.73315,1.00,1.00
2015.04.15 03:47:24.847,0.73286,0.73318,1.00,1.00
2015.04.15 03:47:28.342,0.73288,0.73318,1.00,1.00
2015.04.15 03:47:28.493,0.7329,0.73322,1.00,1.00
2015.04.15 03:47:28.694,0.73292,0.73324,1.00,1.00
2015.04.15 03:47:28.996,0.73289,0.73319,1.00,1.00
2015.04.15 03:47:29.046,0.7329,0.73322,1.00,1.00
2015.04.15 03:47:29.147,0.73287,0.7332,1.00,1.00
2015.04.15 03:47:29.694,0.73288,0.7332,1.00,1.00
2015.04.15 03:47:29.895,0.7329,0.73322,1.00,1.00
2015.04.15 03:47:29.996,0.73292,0.73325,1.00,1.00
2015.04.15 03:47:30.147,0.73294,0.73324,1.00,1.00
2015.04.15 03:47:35.097,0.73294,0.73326,1.00,1.00
2015.04.15 03:47:35.631,0.73293,0.73325,1.00,1.00
2015.04.15 03:47:37.170,0.73294,0.73326,1.00,1.00
2015.04.15 03:47:46.172,0.73292,0.73324,1.00,1.00
2015.04.15 03:47:46.943,0.73292,0.73322,1.00,1.00
2015.04.15 03:47:46.994,0.7329,0.73322,1.00,1.00
2015.04.15 03:47:49.442,0.7329,0.73321,1.00,1.00
2015.04.15 03:47:50.013,0.73288,0.7332,1.00,1.00
2015.04.15 03:47:50.338,0.73288,0.7332,1.00,1.37
2015.04.15 03:47:50.439,0.73287,0.73319,1.00,1.00
2015.04.15 03:47:50.490,0.73284,0.73316,1.00,1.00
2015.04.15 03:47:52.125,0.73287,0.73317,1.00,1.00
2015.04.15 03:47:55.732,0.73287,0.73319,1.00,1.00
2015.04.15 03:47:56.617,0.7329,0.73322,1.00,1.00
2015.04.15 03:47:56.934,0.73295,0.73327,1.00,1.00
2015.04.15 03:47:57.370,0.73299,0.73331,1.00,1.50
2015.04.15 03:47:59.402,0.73299,0.7333,1.00,1.00
2015.04.15 03:48:01.119,0.73299,0.73331,1.00,1.50
2015.04.15 03:48:02.158,0.73299,0.7333,1.00,1.00
2015.04.15 03:48:06.202,0.73299,0.73331,1.00,1.50
2015.04.15 03:48:11.039,0.73298,0.7333,1.00,1.00
2015.04.15 03:48:23.124,0.73297,0.73329,1.00,1.00
2015.04.15 03:48:23.426,0.73294,0.73326,1.00,1.00
2015.04.15 03:48:23.727,0.73291,0.73323,1.00,1.00
2015.04.15 03:48:24.118,0.73288,0.7332,1.00,1.00
2015.04.15 03:48:29.430,0.73291,0.73321,1.00,1.00
2015.04.15 03:48:30.525,0.73291,0.73323,1.00,1.00
2015.04.15 03:48:38.083,0.73294,0.73324,1.00,1.00
2015.04.15 03:48:38.744,0.73295,0.73325,1.00,1.00
2015.04.15 03:48:48.971,0.73293,0.73325,1.00,1.00
2015.04.15 03:48:50.161,0.73292,0.73324,1.00,1.00
2015.04.15 03:48:55.712,0.73291,0.73323,1.00,1.00
2015.04.15 03:48:55.812,0.73289,0.73321,1.00,1.00
2015.04.15 03:48:57.331,0.7329,0.73322,1.00,1.00
2015.04.15 03:49:01.841,0.73289,0.73321,1.00,1.00
2015.04.15 03:49:06.132,0.73289,0.73319,1.00,1.00
2015.04.15 03:49:06.241,0.73287,0.73319,1.00,1.00
2015.04.15 03:49:12.294,0.73287,0.73318,1.00,1.00
2015.04.15 03:49:12.546,0.73288,0.73321,1.00,1.00
2015.04.15 03:49:12.647,0.7329,0.73322,1.00,1.12
2015.04.15 03:49:12.893,0.73285,0.73318,1.00,1.00
2015.04.15 03:49:13.061,0.73279,0.73312,1.00,1.00
2015.04.15 03:49:13.978,0.73281,0.73311,1.00,1.00
2015.04.15 03:49:14.821,0.73278,0.73311,1.00,1.00
2015.04.15 03:49:15.811,0.73277,0.7331,1.00,1.00
2015.04.15 03:49:21.728,0.73279,0.73312,1.00,1.00
2015.04.15 03:49:22.274,0.7328,0.73313,1.00,1.00
2015.04.15 03:49:22.718,0.73283,0.73314,1.00,1.00
2015.04.15 03:49:22.768,0.73284,0.73316,1.00,1.12
2015.04.15 03:49:23.419,0.73285,0.73317,1.00,1.00
2015.04.15 03:49:37.396,0.73283,0.73316,1.00,1.00
2015.04.15 03:49:38.057,0.73283,0.73314,1.00,1.00
2015.04.15 03:49:38.398,0.7328,0.73313,1.00,1.00
2015.04.15 03:49:39.251,0.7328,0.73313,1.00,1.37
2015.04.15 03:49:39.788,0.7328,0.73313,1.00,1.00
2015.04.15 03:49:40.132,0.73278,0.73311,1.00,1.00
2015.04.15 03:49:44.999,0.73283,0.73313,1.00,1.00
2015.04.15 03:49:46.171,0.73282,0.73314,1.00,1.00
2015.04.15 03:49:54.661,0.73281,0.73311,1.00,1.00
2015.04.15 03:49:55.091,0.73281,0.73313,1.00,1.00
2015.04.15 03:50:03.443,0.7328,0.7331,1.00,1.00
2015.04.15 03:50:03.550,0.73283,0.73314,1.00,1.00
2015.04.15 03:50:03.892,0.73285,0.73318,1.00,1.37
2015.04.15 03:50:03.992,0.73285,0.73318,1.00,1.37
2015.04.15 03:50:04.858,0.73285,0.73318,1.00,1.37
2015.04.15 03:50:07.412,0.73283,0.73314,1.00,1.37
2015.04.15 03:50:07.513,0.73281,0.73314,1.00,1.37
2015.04.15 03:50:07.613,0.73281,0.73314,1.00,1.00
2015.04.15 03:50:08.066,0.73282,0.73315,1.00,1.37
2015.04.15 03:50:08.217,0.7328,0.73313,1.00,1.37
2015.04.15 03:50:08.397,0.73279,0.73312,1.00,1.37
2015.04.15 03:50:08.571,0.73278,0.73311,1.00,1.00
2015.04.15 03:50:08.621,0.73274,0.73304,1.00,1.00
2015.04.15 03:50:08.924,0.73277,0.73307,1.00,1.00
2015.04.15 03:50:08.974,0.73275,0.73307,1.00,1.00
2015.04.15 03:50:09.491,0.73277,0.73309,1.00,1.00
2015.04.15 03:50:10.004,0.73278,0.7331,1.00,1.00
2015.04.15 03:50:10.391,0.7328,0.7331,1.00,1.00
2015.04.15 03:50:10.734,0.73277,0.73309,1.00,1.00
2015.04.15 03:50:11.610,0.73279,0.73311,1.00,1.00
2015.04.15 03:50:11.921,0.73276,0.73308,1.00,1.00
2015.04.15 03:50:14.446,0.73277,0.73309,1.00,1.00
2015.04.15 03:50:14.993,0.73279,0.73309,1.00,1.00
2015.04.15 03:50:15.111,0.73276,0.73308,1.00,1.00
2015.04.15 03:50:15.541,0.73279,0.73309,1.00,1.00
2015.04.15 03:50:16.923,0.73276,0.73308,1.00,1.00
2015.04.15 03:50:18.062,0.73277,0.73309,1.00,1.00
2015.04.15 03:50:20.063,0.73277,0.73307,1.00,1.00
2015.04.15 03:50:21.482,0.73276,0.73306,1.00,1.00
2015.04.15 03:50:21.633,0.73274,0.73306,1.00,1.00
2015.04.15 03:50:22.166,0.73273,0.73305,1.00,1.00
2015.04.15 03:50:26.101,0.73273,0.73303,1.00,1.00
2015.04.15 03:50:26.328,0.73271,0.73303,1.00,1.00
2015.04.15 03:50:26.543,0.73269,0.73301,1.00,1.00
2015.04.15 03:50:26.979,0.73268,0.73298,1.00,1.00
2015.04.15 03:50:27.480,0.73267,0.73297,1.00,1.00
2015.04.15 03:50:27.871,0.73265,0.73297,1.00,1.00
2015.04.15 03:50:29.852,0.73264,0.73296,1.00,1.00
2015.04.15 03:50:31.313,0.73272,0.73302,1.00,1.00
2015.04.15 03:50:31.413,0.73273,0.73305,1.00,1.00
2015.04.15 03:50:31.834,0.73275,0.73308,1.00,1.00
2015.04.15 03:50:32.384,0.73276,0.73309,1.00,1.00
2015.04.15 03:50:32.484,0.73278,0.73309,1.00,1.00
2015.04.15 03:50:32.602,0.73279,0.73312,1.00,1.37
2015.04.15 03:50:32.719,0.73277,0.7331,1.00,1.00
2015.04.15 03:50:33.792,0.73277,0.73308,1.00,1.00
2015.04.15 03:50:34.130,0.73275,0.73306,1.00,1.00
2015.04.15 03:50:34.397,0.73273,0.73306,1.00,1.00
2015.04.15 03:50:35.125,0.73271,0.73305,1.00,1.00
2015.04.15 03:50:35.238,0.73272,0.73303,1.00,1.00
2015.04.15 03:50:35.941,0.73269,0.73303,1.00,1.00
2015.04.15 03:50:46.469,0.73269,0.73301,1.00,1.00
2015.04.15 03:50:46.520,0.73269,0.73303,1.00,1.00
2015.04.15 03:50:46.890,0.73269,0.73301,1.00,1.00
2015.04.15 03:50:47.429,0.73269,0.73301,1.00,1.37
2015.04.15 03:50:48.121,0.73267,0.73298,1.00,1.00
2015.04.15 03:50:51.730,0.73265,0.73298,1.00,1.00
2015.04.15 03:50:54.899,0.73265,0.73298,1.00,1.37
2015.04.15 03:50:56.016,0.73264,0.73297,1.00,1.12
2015.04.15 03:50:57.168,0.73265,0.73298,1.00,1.00
2015.04.15 03:51:01.128,0.73268,0.73298,1.00,1.00
2015.04.15 03:51:01.520,0.7327,0.733,1.00,1.00
2015.04.15 03:51:01.863,0.7327,0.73302,1.00,1.00
2015.04.15 03:51:01.963,0.73273,0.73305,1.00,1.00
2015.04.15 03:51:04.722,0.73274,0.73306,1.00,1.00
2015.04.15 03:51:05.161,0.73271,0.73303,1.00,1.00
2015.04.15 03:51:05.932,0.73273,0.73303,1.00,1.00
2015.04.15 03:51:08.451,0.73271,0.73304,1.00,1.00
2015.04.15 03:51:08.830,0.73271,0.73302,1.00,1.00
2015.04.15 03:51:08.931,0.73272,0.73304,1.00,1.00
2015.04.15 03:51:09.032,0.73274,0.73306,1.00,1.00
2015.04.15 03:51:09.379,0.73276,0.73306,1.00,1.00
2015.04.15 03:51:09.630,0.73282,0.73313,1.00,1.00
2015.04.15 03:51:09.681,0.73284,0.73318,1.00,1.00
2015.04.15 03:51:10.107,0.73287,0.73321,1.00,1.50
2015.04.15 03:51:11.119,0.73291,0.73324,1.00,1.00
2015.04.15 03:51:11.459,0.73289,0.73324,1.00,1.00
2015.04.15 03:51:12.090,0.73288,0.73323,1.00,1.00
2015.04.15 03:51:12.201,0.73286,0.73321,1.00,1.00
2015.04.15 03:51:12.525,0.73281,0.73316,1.00,1.00
2015.04.15 03:51:12.877,0.7328,0.73313,1.00,1.00
2015.04.15 03:51:13.528,0.73278,0.73311,1.00,1.00
2015.04.15 03:51:13.629,0.73273,0.7331,1.12,1.00
2015.04.15 03:51:14.146,0.73273,0.73309,1.00,1.00
2015.04.15 03:51:16.398,0.73274,0.73311,1.00,1.00
2015.04.15 03:51:16.933,0.73273,0.73308,1.00,1.00
2015.04.15 03:51:17.271,0.73271,0.73308,1.00,1.12
2015.04.15 03:51:20.770,0.73274,0.73309,1.00,1.12
2015.04.15 03:51:26.511,0.73275,0.73312,1.00,1.37
2015.04.15 03:51:27.171,0.73275,0.73312,1.00,1.37
2015.04.15 03:51:27.835,0.73275,0.73312,1.00,1.00
2015.04.15 03:51:31.385,0.73275,0.73311,1.00,1.00
2015.04.15 03:51:33.847,0.73275,0.73311,1.00,1.37
2015.04.15 03:51:34.426,0.73275,0.73311,1.00,1.00
2015.04.15 03:51:35.290,0.73276,0.73311,1.00,1.00
2015.04.15 03:51:43.100,0.73276,0.7331,1.00,1.00
2015.04.15 03:51:49.921,0.73275,0.73309,1.00,1.00
2015.04.15 03:51:50.671,0.73276,0.7331,1.00,1.50
2015.04.15 03:51:55.898,0.73276,0.73291,1.00,1.00
2015.04.15 03:51:55.954,0.73255,0.7329,1.00,1.00
2015.04.15 03:51:56.005,0.73253,0.73286,1.50,1.00
2015.04.15 03:51:56.105,0.73255,0.7329,1.00,1.00
2015.04.15 03:51:56.451,0.73255,0.73288,1.00,1.00
2015.04.15 03:51:56.552,0.73256,0.73291,1.00,1.00
2015.04.15 03:51:56.753,0.73258,0.73293,1.00,1.00
2015.04.15 03:51:57.137,0.73255,0.73288,1.00,1.00
2015.04.15 03:51:57.187,0.73253,0.73288,1.00,1.00
2015.04.15 03:51:57.338,0.7325,0.73285,1.37,1.00
2015.04.15 03:51:57.820,0.73249,0.73285,1.87,1.00
2015.04.15 03:51:57.871,0.73248,0.73283,1.37,1.00
2015.04.15 03:51:57.972,0.73252,0.73287,1.12,1.00
2015.04.15 03:52:01.565,0.73251,0.73286,1.37,1.00
2015.04.15 03:52:03.013,0.73251,0.73286,1.37,1.00
2015.04.15 03:52:03.425,0.7325,0.73284,1.00,1.00
2015.04.15 03:52:13.870,0.7325,0.73284,1.37,1.00
2015.04.15 03:52:14.020,0.73253,0.73288,1.37,1.00
2015.04.15 03:52:14.340,0.7326,0.73295,1.00,1.00
2015.04.15 03:52:14.491,0.73263,0.73298,1.00,1.00
2015.04.15 03:52:14.840,0.73265,0.733,1.00,1.00
2015.04.15 03:52:15.447,0.73266,0.73301,1.00,1.00
2015.04.15 03:52:16.870,0.7327,0.73303,1.00,1.00
2015.04.15 03:52:17.538,0.7327,0.73305,1.00,1.00
2015.04.15 03:52:17.640,0.73279,0.73315,1.00,1.87
2015.04.15 03:52:17.691,0.73279,0.73315,1.00,1.00
2015.04.15 03:52:17.992,0.73285,0.73321,1.00,1.50
2015.04.15 03:52:18.299,0.73294,0.73326,1.00,1.00
2015.04.15 03:52:18.549,0.73295,0.73331,1.00,1.50
2015.04.15 03:52:19.069,0.73295,0.73329,1.00,1.00
2015.04.15 03:52:19.400,0.73296,0.73331,1.00,1.50
2015.04.15 03:52:19.729,0.73294,0.7333,1.00,1.00
2015.04.15 03:52:22.940,0.73294,0.73328,1.00,1.00
2015.04.15 03:52:23.249,0.73295,0.7333,1.00,1.12
2015.04.15 03:52:23.579,0.73293,0.73329,1.00,1.00
2015.04.15 03:52:24.100,0.73293,0.73329,1.00,1.37
2015.04.15 03:52:29.124,0.73294,0.7333,1.00,1.37
2015.04.15 03:52:29.795,0.73295,0.73331,1.00,1.12
2015.04.15 03:52:29.996,0.73295,0.73331,1.00,1.37
2015.04.15 03:52:30.335,0.73292,0.73326,1.00,1.00
2015.04.15 03:52:30.874,0.73291,0.73326,1.00,1.12
2015.04.15 03:52:32.241,0.73286,0.73321,1.00,1.00
2015.04.15 03:52:32.427,0.73284,0.7332,1.00,1.00
2015.04.15 03:52:33.148,0.73285,0.73321,1.00,1.87
2015.04.15 03:52:35.039,0.73284,0.7332,1.00,1.00
2015.04.15 03:52:35.130,0.73287,0.73321,1.00,1.12
2015.04.15 03:52:38.269,0.73287,0.7332,1.00,1.00
2015.04.15 03:52:38.979,0.73289,0.7332,1.00,1.00
2015.04.15 03:52:42.856,0.73288,0.7332,1.00,1.00
2015.04.15 03:52:42.956,0.73284,0.7332,1.00,1.37
2015.04.15 03:52:43.532,0.73283,0.73319,1.00,1.37
2015.04.15 03:52:44.035,0.73283,0.73317,1.00,1.12
2015.04.15 03:52:44.258,0.7328,0.73316,1.00,1.00
2015.04.15 03:52:48.878,0.73278,0.73314,1.00,1.00
2015.04.15 03:52:49.232,0.73278,0.73312,1.00,1.00
2015.04.15 03:52:50.112,0.73283,0.73315,1.00,1.00
2015.04.15 03:52:50.163,0.73283,0.73317,1.00,1.00
2015.04.15 03:52:50.264,0.73283,0.73315,1.00,1.00
2015.04.15 03:52:50.314,0.7328,0.73315,1.12,1.00
2015.04.15 03:52:50.860,0.73281,0.73315,1.00,1.00
2015.04.15 03:52:51.298,0.73284,0.73315,1.00,1.00
2015.04.15 03:52:51.349,0.73284,0.73321,1.00,1.87
2015.04.15 03:52:51.449,0.73288,0.73321,1.00,1.00
2015.04.15 03:52:51.550,0.73288,0.73324,1.00,1.00
2015.04.15 03:52:51.651,0.73291,0.73325,1.00,1.00
2015.04.15 03:52:52.175,0.73292,0.73326,1.00,1.00
2015.04.15 03:52:52.828,0.73291,0.73326,1.00,1.00
2015.04.15 03:52:57.177,0.73293,0.73326,1.00,1.00
2015.04.15 03:53:00.350,0.73293,0.73328,1.00,1.00
2015.04.15 03:53:01.569,0.7329,0.73326,1.00,1.00
2015.04.15 03:53:02.176,0.73289,0.73326,1.00,1.50
2015.04.15 03:53:02.739,0.7329,0.73326,1.00,1.00
2015.04.15 03:53:03.389,0.73289,0.73325,1.00,1.00
2015.04.15 03:53:07.659,0.73289,0.73326,1.00,1.87
2015.04.15 03:53:08.677,0.73291,0.73326,1.00,1.87
2015.04.15 03:53:08.787,0.73289,0.73326,1.00,1.87
2015.04.15 03:53:19.781,0.73289,0.73326,1.37,1.50
2015.04.15 03:53:19.931,0.7329,0.73326,1.37,1.00
2015.04.15 03:53:20.259,0.73296,0.73331,1.00,1.50
2015.04.15 03:53:20.888,0.73296,0.73329,1.00,1.00
2015.04.15 03:53:22.788,0.73296,0.73326,1.00,1.00
2015.04.15 03:53:22.888,0.73294,0.73326,1.00,1.00
2015.04.15 03:53:23.427,0.73293,0.73326,1.00,1.50
2015.04.15 03:53:28.399,0.73293,0.73325,1.00,1.00
2015.04.15 03:53:28.739,0.73297,0.73326,1.00,1.00
2015.04.15 03:53:29.320,0.73296,0.73325,1.00,1.00
2015.04.15 03:53:29.471,0.73294,0.73326,1.12,1.00
2015.04.15 03:53:29.622,0.73294,0.73329,1.12,1.00
2015.04.15 03:53:33.350,0.73294,0.73326,1.00,1.00
2015.04.15 03:53:34.607,0.73294,0.73329,1.00,1.00
2015.04.15 03:53:35.173,0.73294,0.73329,1.00,1.37
2015.04.15 03:53:35.790,0.73295,0.7333,1.00,1.37
2015.04.15 03:53:42.297,0.73295,0.7333,1.00,1.00
2015.04.15 03:53:42.549,0.73297,0.73331,1.00,1.50
2015.04.15 03:53:42.600,0.73298,0.73333,1.12,1.00
2015.04.15 03:53:42.700,0.73303,0.73337,1.00,1.00
2015.04.15 03:53:43.210,0.73309,0.73341,1.00,1.50
2015.04.15 03:53:43.362,0.73307,0.73341,1.00,1.50
2015.04.15 03:53:43.680,0.73304,0.73338,1.00,1.00
2015.04.15 03:53:44.229,0.73305,0.73339,1.00,1.00
2015.04.15 03:53:52.570,0.73304,0.73337,1.00,1.00
2015.04.15 03:53:52.920,0.73301,0.73335,1.00,1.00
2015.04.15 03:53:54.683,0.733,0.73334,1.00,1.12
2015.04.15 03:54:04.140,0.73299,0.73334,1.00,1.00
2015.04.15 03:54:07.876,0.73299,0.73332,1.00,1.00
2015.04.15 03:54:08.328,0.73299,0.7333,1.00,1.00
2015.04.15 03:54:09.506,0.73298,0.7333,1.00,1.00
2015.04.15 03:54:10.068,0.73298,0.73331,1.00,1.50
2015.04.15 03:54:10.638,0.73298,0.7333,1.00,1.00
2015.04.15 03:54:13.277,0.73298,0.73333,1.00,1.00
2015.04.15 03:54:15.037,0.73298,0.7333,1.00,1.00
2015.04.15 03:54:15.578,0.73297,0.7333,1.00,1.50
2015.04.15 03:54:22.727,0.73297,0.7333,1.37,1.00
2015.04.15 03:54:22.937,0.73301,0.73335,1.37,1.00
2015.04.15 03:54:23.088,0.73304,0.73336,1.00,1.00
2015.04.15 03:54:24.165,0.73305,0.73337,1.00,1.00
2015.04.15 03:54:24.215,0.73303,0.73337,1.00,1.00
2015.04.15 03:54:26.447,0.73301,0.73335,1.00,1.00
2015.04.15 03:54:29.307,0.73303,0.73337,1.00,1.00
2015.04.15 03:54:32.716,0.73301,0.73335,1.00,1.00
2015.04.15 03:54:33.718,0.73302,0.73333,1.00,1.00
2015.04.15 03:54:34.220,0.73302,0.73336,1.00,1.37
2015.04.15 03:54:35.356,0.73301,0.73335,1.00,1.12
2015.04.15 03:54:36.805,0.73301,0.73334,1.00,1.37
2015.04.15 03:54:37.027,0.73296,0.7333,1.00,1.00
2015.04.15 03:54:39.325,0.73297,0.73331,1.00,1.00
2015.04.15 03:54:39.790,0.73297,0.73331,1.00,1.37
2015.04.15 03:54:40.092,0.73288,0.73321,1.00,1.00
2015.04.15 03:54:40.329,0.73288,0.73323,1.00,1.12
2015.04.15 03:54:40.430,0.73285,0.7332,1.00,1.00
2015.04.15 03:54:40.747,0.73283,0.73318,1.00,1.00
2015.04.15 03:54:41.647,0.73283,0.73318,1.00,1.37
2015.04.15 03:54:44.223,0.73284,0.73319,1.00,1.00
2015.04.15 03:54:44.816,0.73287,0.73322,1.00,1.00
2015.04.15 03:54:48.447,0.73287,0.73322,1.00,1.37
2015.04.15 03:54:48.497,0.73285,0.7332,1.00,1.12
2015.04.15 03:54:48.701,0.73287,0.73322,1.00,1.00
2015.04.15 03:54:49.767,0.73288,0.7332,1.00,1.00
2015.04.15 03:54:50.459,0.73286,0.7332,1.00,1.00
2015.04.15 03:54:50.659,0.73283,0.73318,1.00,1.00
2015.04.15 03:54:50.775,0.73281,0.73316,1.00,1.00
2015.04.15 03:54:52.273,0.7328,0.73315,1.00,1.00
2015.04.15 03:54:54.263,0.7328,0.73315,1.00,1.37
2015.04.15 03:54:55.163,0.73279,0.73316,1.00,1.37
2015.04.15 03:54:57.302,0.73279,0.73314,1.00,1.37
2015.04.15 03:55:01.426,0.73277,0.73314,1.00,1.37
2015.04.15 03:55:07.498,0.73277,0.73314,1.00,1.00
2015.04.15 03:55:07.599,0.73279,0.73314,1.00,1.00
2015.04.15 03:55:07.709,0.73281,0.73318,1.00,1.00
2015.04.15 03:55:07.809,0.73284,0.73319,1.00,1.00
2015.04.15 03:55:08.138,0.73287,0.73323,1.00,1.37
2015.04.15 03:55:08.597,0.73288,0.73324,1.00,1.12
2015.04.15 03:55:08.698,0.7329,0.73326,1.00,1.87
2015.04.15 03:55:09.262,0.73291,0.73327,1.00,1.37
2015.04.15 03:55:15.535,0.73291,0.73327,1.00,1.00
2015.04.15 03:55:16.087,0.73291,0.73325,1.00,1.00
2015.04.15 03:55:16.591,0.73292,0.73326,1.00,1.00
2015.04.15 03:55:17.128,0.73292,0.73327,1.00,1.00
2015.04.15 03:55:19.245,0.73293,0.73328,1.00,1.00
2015.04.15 03:55:22.316,0.73293,0.73327,1.00,1.37
2015.04.15 03:55:23.451,0.73293,0.73327,1.00,1.00
2015.04.15 03:55:23.770,0.73295,0.73329,1.00,1.00
2015.04.15 03:55:24.376,0.73294,0.73329,1.00,1.00
2015.04.15 03:55:25.956,0.73292,0.73327,1.00,1.00
2015.04.15 03:55:27.391,0.73291,0.73326,1.00,1.12
2015.04.15 03:55:29.360,0.73291,0.73326,1.00,1.37
2015.04.15 03:55:29.477,0.73289,0.73324,1.00,1.12
2015.04.15 03:55:29.586,0.73288,0.73321,1.00,1.00
2015.04.15 03:55:29.996,0.73286,0.73319,1.00,1.00
2015.04.15 03:55:30.514,0.73287,0.73319,1.00,1.00
2015.04.15 03:55:31.016,0.73286,0.7332,1.00,1.00
2015.04.15 03:55:31.370,0.73289,0.73321,1.00,1.12
2015.04.15 03:55:33.169,0.73289,0.73323,1.00,1.12
2015.04.15 03:55:35.575,0.73291,0.73326,1.00,1.00
2015.04.15 03:55:35.746,0.73294,0.73327,1.00,1.12
2015.04.15 03:55:43.487,0.73297,0.7333,1.00,1.00
2015.04.15 03:55:44.437,0.73295,0.7333,1.00,1.12
2015.04.15 03:55:44.678,0.73293,0.73328,1.00,1.00
2015.04.15 03:55:45.202,0.73292,0.73327,1.00,1.00
2015.04.15 03:55:47.096,0.73293,0.73328,1.00,1.00
2015.04.15 03:55:56.725,0.73295,0.73329,1.00,1.00
2015.04.15 03:55:58.955,0.73296,0.7333,1.00,1.00
2015.04.15 03:56:14.465,0.73297,0.73331,1.00,1.12
2015.04.15 03:56:15.597,0.733,0.73332,1.00,1.00
2015.04.15 03:56:15.916,0.73303,0.73334,1.00,1.00
2015.04.15 03:56:16.005,0.73304,0.73337,1.00,1.37
2015.04.15 03:56:16.655,0.73303,0.73336,1.00,1.12
2015.04.15 03:56:21.062,0.73308,0.73339,1.00,1.00
2015.04.15 03:56:21.597,0.73309,0.7334,1.00,1.00
2015.04.15 03:56:26.037,0.73306,0.73337,1.00,1.00
2015.04.15 03:56:26.138,0.73303,0.73336,1.00,1.00
2015.04.15 03:56:27.446,0.73305,0.73338,1.00,1.12
2015.04.15 03:56:27.909,0.73303,0.73336,1.00,1.50
2015.04.15 03:56:30.195,0.73301,0.73334,1.00,1.00
2015.04.15 03:56:37.915,0.73303,0.73336,1.00,1.12
2015.04.15 03:56:39.673,0.73305,0.73338,1.00,1.12
2015.04.15 03:56:41.107,0.73302,0.73335,1.00,1.00
2015.04.15 03:56:41.965,0.73303,0.73336,1.00,1.00
2015.04.15 03:56:44.056,0.73304,0.73336,1.00,1.00
2015.04.15 03:56:52.005,0.73303,0.73333,1.00,1.00
2015.04.15 03:56:52.086,0.73301,0.73333,1.00,1.00
2015.04.15 03:56:52.452,0.73301,0.73331,1.00,1.00
2015.04.15 03:56:52.553,0.73301,0.73334,1.00,1.00
2015.04.15 03:56:56.019,0.73297,0.7333,1.00,1.00
2015.04.15 03:56:57.385,0.73298,0.73328,1.00,1.00
2015.04.15 03:56:57.914,0.73297,0.73327,1.00,1.00
2015.04.15 03:57:00.951,0.73295,0.73327,1.00,1.00
2015.04.15 03:57:12.327,0.73295,0.73327,1.00,1.37
2015.04.15 03:57:17.342,0.73295,0.73327,1.00,1.37
2015.04.15 03:57:17.392,0.73292,0.73324,1.00,1.37
2015.04.15 03:57:17.443,0.73292,0.73324,1.00,1.37
2015.04.15 03:57:17.604,0.73287,0.73317,1.00,1.00
2015.04.15 03:57:17.824,0.73285,0.73317,1.00,1.00
2015.04.15 03:57:34.434,0.73284,0.73316,1.00,1.00
2015.04.15 03:57:35.644,0.73283,0.73315,1.00,1.00
2015.04.15 03:57:35.876,0.73282,0.73312,1.00,1.00
2015.04.15 03:57:44.884,0.73284,0.73314,1.00,1.00
2015.04.15 03:57:46.025,0.73282,0.73312,1.00,1.00
2015.04.15 03:57:46.973,0.73283,0.73315,1.00,1.00
2015.04.15 03:57:51.293,0.73284,0.73317,1.00,1.00
2015.04.15 03:57:53.580,0.73285,0.73318,1.00,1.00
2015.04.15 03:57:54.800,0.73286,0.73319,1.00,1.00
2015.04.15 03:57:59.401,0.73286,0.73318,1.00,1.00
2015.04.15 03:58:09.816,0.73286,0.73319,1.00,1.00
2015.04.15 03:58:09.867,0.73286,0.73317,1.00,1.00
2015.04.15 03:58:11.436,0.73284,0.73314,1.00,1.00
2015.04.15 03:58:16.483,0.73282,0.73314,1.00,1.00
2015.04.15 03:58:17.443,0.73281,0.73313,1.00,1.00
2015.04.15 03:58:17.908,0.73284,0.73316,1.00,1.00
2015.04.15 03:58:19.863,0.73285,0.73317,1.00,1.00
2015.04.15 03:58:25.318,0.73283,0.73316,1.37,1.00
2015.04.15 03:58:25.368,0.73286,0.73319,1.00,1.00
2015.04.15 03:58:27.678,0.73287,0.73317,1.00,1.00
2015.04.15 03:58:27.785,0.73283,0.73316,1.37,1.00
2015.04.15 03:58:28.353,0.73283,0.73316,1.00,1.00
2015.04.15 03:58:40.162,0.73282,0.73313,1.00,1.00
2015.04.15 03:58:40.433,0.73283,0.73316,1.00,1.00
2015.04.15 03:58:49.249,0.73287,0.73318,1.00,1.00
2015.04.15 03:58:52.974,0.73285,0.73318,1.00,1.00
2015.04.15 03:59:00.803,0.73285,0.73316,1.00,1.00
2015.04.15 03:59:00.904,0.73283,0.73316,1.00,1.50
2015.04.15 03:59:01.004,0.73279,0.73312,1.00,1.00
2015.04.15 03:59:01.559,0.73281,0.73314,1.00,1.00
2015.04.15 03:59:03.506,0.73282,0.73315,1.00,1.00
2015.04.15 03:59:04.103,0.73282,0.73314,1.00,1.00
2015.04.15 03:59:10.352,0.7328,0.73312,1.00,1.00
2015.04.15 03:59:14.975,0.73278,0.7331,1.00,1.00
2015.04.15 03:59:19.823,0.73281,0.73313,1.00,1.00
2015.04.15 03:59:20.704,0.7328,0.73312,1.00,1.00
2015.04.15 03:59:21.296,0.73279,0.73311,1.00,1.00
2015.04.15 03:59:21.625,0.73281,0.73311,1.00,1.00
2015.04.15 03:59:23.453,0.73278,0.7331,1.00,1.00
2015.04.15 03:59:23.553,0.73272,0.73304,1.12,1.00
2015.04.15 03:59:23.859,0.73272,0.73302,1.00,1.00
2015.04.15 03:59:24.651,0.73272,0.73303,1.00,1.00
2015.04.15 03:59:24.872,0.73273,0.73305,1.00,1.00
2015.04.15 03:59:26.432,0.73275,0.73306,1.00,1.00
2015.04.15 03:59:28.732,0.73275,0.73308,1.00,1.00
2015.04.15 03:59:30.043,0.73276,0.73309,1.00,1.00
2015.04.15 03:59:39.682,0.73276,0.73309,1.37,1.00
2015.04.15 03:59:39.862,0.7328,0.73312,1.00,1.00
2015.04.15 03:59:41.823,0.73281,0.73314,1.00,1.00
2015.04.15 03:59:42.692,0.73281,0.73312,1.00,1.00
2015.04.15 03:59:46.432,0.73279,0.73312,1.00,1.00
2015.04.15 03:59:50.845,0.7328,0.73313,1.00,1.00
