2015.04.17 20:00:00.629,0.73126,0.73166,1.00,1.00
2015.04.17 20:00:01.093,0.73123,0.73161,1.00,1.00
2015.04.17 20:00:01.297,0.73121,0.73161,1.00,1.00
2015.04.17 20:00:01.398,0.73128,0.73166,1.00,1.00
2015.04.17 20:00:03.085,0.73128,0.73168,1.00,1.50
2015.04.17 20:00:04.353,0.73129,0.73168,1.00,1.00
2015.04.17 20:00:04.687,0.73131,0.73171,1.00,1.50
2015.04.17 20:00:04.846,0.73131,0.73165,1.00,1.00
2015.04.17 20:00:04.997,0.73131,0.7317,1.00,1.00
2015.04.17 20:00:06.774,0.73129,0.73169,1.00,1.00
2015.04.17 20:00:07.055,0.73129,0.73169,1.00,1.37
2015.04.17 20:00:08.255,0.73129,0.73166,1.00,1.00
2015.04.17 20:00:08.842,0.73129,0.73165,1.00,1.00
2015.04.17 20:00:08.913,0.73129,0.73169,1.00,1.37
2015.04.17 20:00:09.134,0.73129,0.73166,1.00,1.00
2015.04.17 20:00:10.235,0.73129,0.73165,1.00,1.00
2015.04.17 20:00:10.675,0.73129,0.73169,1.00,1.87
2015.04.17 20:00:10.726,0.73133,0.73169,1.00,1.00
2015.04.17 20:00:10.776,0.73133,0.73171,1.00,1.50
2015.04.17 20:00:10.827,0.73133,0.73171,1.00,1.87
2015.04.17 20:00:11.185,0.7313,0.73168,1.00,1.12
2015.04.17 20:00:11.235,0.7313,0.73166,1.00,1.00
2015.04.17 20:00:11.886,0.7313,0.73168,1.00,1.37
2015.04.17 20:00:12.655,0.7313,0.73166,1.00,1.00
2015.04.17 20:00:13.036,0.73127,0.73165,1.00,1.00
2015.04.17 20:00:13.704,0.73125,0.73165,1.00,1.87
2015.04.17 20:00:15.133,0.73125,0.73165,1.00,1.87
2015.04.17 20:00:15.334,0.73125,0.73165,1.00,1.50
2015.04.17 20:00:20.131,0.73125,0.73165,1.00,1.87
2015.04.17 20:00:20.732,0.73125,0.73165,1.00,1.87
2015.04.17 20:00:22.665,0.73125,0.73161,1.00,1.00
2015.04.17 20:00:23.653,0.73125,0.73165,1.00,1.87
2015.04.17 20:00:25.155,0.73125,0.73165,1.00,1.50
2015.04.17 20:00:27.994,0.73129,0.73166,1.00,1.50
2015.04.17 20:00:30.744,0.73124,0.73164,1.00,1.00
2015.04.17 20:00:31.268,0.73124,0.73164,1.00,1.37
2015.04.17 20:00:40.102,0.73126,0.73165,1.00,1.37
2015.04.17 20:00:45.203,0.73126,0.73166,1.00,1.50
2015.04.17 20:00:45.702,0.73129,0.73166,1.00,1.00
2015.04.17 20:00:48.979,0.73129,0.73167,1.00,1.00
2015.04.17 20:00:49.029,0.73129,0.73169,1.00,1.00
2015.04.17 20:00:49.130,0.73136,0.73172,1.00,1.12
2015.04.17 20:00:49.333,0.73138,0.73176,1.00,2.62
2015.04.17 20:00:49.668,0.7314,0.73176,1.00,1.12
2015.04.17 20:00:50.117,0.73144,0.73181,1.00,1.00
2015.04.17 20:00:50.533,0.73145,0.73181,1.00,1.50
2015.04.17 20:00:50.584,0.73142,0.7318,1.00,1.37
2015.04.17 20:00:51.095,0.73143,0.73177,1.00,1.00
2015.04.17 20:00:51.972,0.73146,0.73177,1.00,1.00
2015.04.17 20:00:52.445,0.73143,0.73177,1.00,1.00
2015.04.17 20:00:54.664,0.73141,0.73177,1.00,1.00
2015.04.17 20:00:54.765,0.73137,0.73175,1.00,1.37
2015.04.17 20:00:54.865,0.73132,0.73172,1.00,1.00
2015.04.17 20:00:54.917,0.73132,0.73168,1.00,1.00
2015.04.17 20:00:55.267,0.73132,0.73162,1.00,1.00
2015.04.17 20:00:55.318,0.73128,0.73162,1.00,1.00
2015.04.17 20:00:55.419,0.73125,0.73162,1.00,1.00
2015.04.17 20:00:55.522,0.73128,0.73162,1.00,1.00
2015.04.17 20:01:00.126,0.73128,0.73166,1.00,1.00
2015.04.17 20:01:00.596,0.73131,0.73165,1.00,1.00
2015.04.17 20:01:00.697,0.73131,0.73168,1.00,1.00
2015.04.17 20:01:00.894,0.73131,0.73168,1.00,1.37
2015.04.17 20:01:01.549,0.73131,0.73168,1.00,1.12
2015.04.17 20:01:02.044,0.73134,0.73168,1.00,1.00
2015.04.17 20:01:02.255,0.73134,0.7317,1.00,1.00
2015.04.17 20:01:03.084,0.73133,0.73171,1.00,1.87
2015.04.17 20:01:03.685,0.73133,0.73171,1.00,1.50
2015.04.17 20:01:05.338,0.73136,0.73171,1.00,1.00
2015.04.17 20:01:05.439,0.73136,0.73175,1.00,1.12
2015.04.17 20:01:09.575,0.73136,0.7317,1.00,1.00
2015.04.17 20:01:10.355,0.73136,0.73175,1.00,1.12
2015.04.17 20:01:10.455,0.73136,0.7317,1.00,1.00
2015.04.17 20:01:11.263,0.73136,0.73171,1.00,1.00
2015.04.17 20:01:11.779,0.73136,0.73175,1.00,1.87
2015.04.17 20:01:14.663,0.7314,0.73175,1.00,1.37
2015.04.17 20:01:15.464,0.73141,0.73175,1.00,1.37
2015.04.17 20:01:15.726,0.73143,0.73176,1.00,1.12
2015.04.17 20:01:15.877,0.73146,0.73181,1.00,1.37
2015.04.17 20:01:16.093,0.73139,0.73176,1.00,1.37
2015.04.17 20:01:20.695,0.73139,0.73176,1.00,1.37
2015.04.17 20:01:21.281,0.73138,0.73175,1.00,1.37
2015.04.17 20:01:25.854,0.73138,0.7317,1.00,1.00
2015.04.17 20:01:26.074,0.73138,0.73176,1.00,1.37
2015.04.17 20:01:30.515,0.73138,0.73176,1.00,1.12
2015.04.17 20:01:31.052,0.73141,0.73176,1.00,1.12
2015.04.17 20:01:31.876,0.73141,0.73175,1.00,1.00
2015.04.17 20:01:33.774,0.73141,0.73176,1.00,1.12
2015.04.17 20:01:35.754,0.73141,0.73175,1.00,1.00
2015.04.17 20:01:36.311,0.73141,0.73176,1.00,1.12
2015.04.17 20:01:39.254,0.73141,0.73176,1.00,1.37
2015.04.17 20:01:39.956,0.73142,0.73176,1.00,1.37
2015.04.17 20:01:40.208,0.73129,0.73169,1.00,1.00
2015.04.17 20:01:40.308,0.73129,0.73167,1.00,1.37
2015.04.17 20:01:40.561,0.7313,0.7317,1.00,1.37
2015.04.17 20:01:40.612,0.7313,0.7317,1.00,1.00
2015.04.17 20:01:40.662,0.7313,0.73168,1.00,1.00
2015.04.17 20:01:40.866,0.73138,0.73178,1.00,1.00
2015.04.17 20:01:41.067,0.73141,0.73181,1.00,1.00
2015.04.17 20:01:41.392,0.73146,0.73181,1.00,1.00
2015.04.17 20:01:42.465,0.73146,0.73183,1.00,1.00
2015.04.17 20:01:42.615,0.73146,0.73181,1.00,1.00
2015.04.17 20:01:42.872,0.73148,0.73186,1.00,1.37
2015.04.17 20:01:43.073,0.73146,0.73186,1.00,1.87
2015.04.17 20:01:43.478,0.73146,0.73186,1.00,1.87
2015.04.17 20:01:43.529,0.73142,0.73182,1.00,1.12
2015.04.17 20:01:43.579,0.73142,0.73175,1.00,1.00
2015.04.17 20:01:43.830,0.73141,0.73181,1.00,1.37
2015.04.17 20:01:43.881,0.73141,0.73181,1.00,1.00
2015.04.17 20:01:44.080,0.73141,0.73181,1.00,1.50
2015.04.17 20:01:44.181,0.73141,0.73181,1.00,1.87
2015.04.17 20:01:44.281,0.73143,0.73181,1.00,1.00
2015.04.17 20:01:44.789,0.73144,0.73181,1.00,1.00
2015.04.17 20:01:45.382,0.73153,0.73181,1.00,1.00
2015.04.17 20:01:45.482,0.73157,0.73195,1.00,1.00
2015.04.17 20:01:45.684,0.73161,0.73196,1.00,1.00
2015.04.17 20:01:45.835,0.73161,0.73201,1.00,1.00
2015.04.17 20:01:45.944,0.73162,0.73196,1.00,1.00
2015.04.17 20:01:46.245,0.73164,0.73196,1.00,1.00
2015.04.17 20:01:46.562,0.73167,0.73195,1.00,1.00
2015.04.17 20:01:47.113,0.73167,0.73201,1.00,1.00
2015.04.17 20:01:47.340,0.73167,0.73196,1.00,1.00
2015.04.17 20:01:47.492,0.73165,0.73201,1.00,1.00
2015.04.17 20:01:48.322,0.73168,0.73201,1.00,1.00
2015.04.17 20:01:49.096,0.73169,0.73201,1.00,1.00
2015.04.17 20:01:50.310,0.73174,0.73206,1.00,1.00
2015.04.17 20:01:52.942,0.73176,0.73206,1.00,1.00
2015.04.17 20:01:52.992,0.73176,0.73211,1.00,1.00
2015.04.17 20:01:53.051,0.73178,0.73211,1.00,1.00
2015.04.17 20:01:55.173,0.73179,0.7321,1.00,1.00
2015.04.17 20:01:55.273,0.73186,0.73221,1.00,1.00
2015.04.17 20:01:55.475,0.73189,0.73221,1.00,1.00
2015.04.17 20:01:55.626,0.73191,0.73226,1.00,1.00
2015.04.17 20:01:55.827,0.73183,0.73223,1.00,1.00
2015.04.17 20:01:55.927,0.73175,0.73206,1.00,1.00
2015.04.17 20:01:56.382,0.73175,0.73211,1.00,1.00
2015.04.17 20:01:58.568,0.73175,0.73206,1.00,1.00
2015.04.17 20:02:00.203,0.73175,0.73211,1.00,1.00
2015.04.17 20:02:02.072,0.7317,0.7321,1.00,1.00
2015.04.17 20:02:02.122,0.7317,0.73206,1.00,1.00
2015.04.17 20:02:02.323,0.73164,0.73201,1.00,1.00
2015.04.17 20:02:02.374,0.73161,0.73201,1.00,1.50
2015.04.17 20:02:02.525,0.73156,0.73191,1.00,1.00
2015.04.17 20:02:02.892,0.73157,0.73196,1.00,1.00
2015.04.17 20:02:03.754,0.73156,0.73191,1.00,1.00
2015.04.17 20:02:03.955,0.73153,0.73191,1.00,1.00
2015.04.17 20:02:04.393,0.73155,0.73191,1.00,1.00
2015.04.17 20:02:05.373,0.73155,0.73193,1.00,1.00
2015.04.17 20:02:05.593,0.73155,0.73191,1.00,1.00
2015.04.17 20:02:05.956,0.73156,0.73196,1.00,1.50
2015.04.17 20:02:06.251,0.73156,0.73191,1.00,1.00
2015.04.17 20:02:07.573,0.73154,0.73191,1.00,1.00
2015.04.17 20:02:14.834,0.73154,0.73186,1.00,1.00
2015.04.17 20:02:15.161,0.73152,0.73186,1.00,1.00
2015.04.17 20:02:15.521,0.73152,0.73191,1.00,1.00
2015.04.17 20:02:16.371,0.73154,0.73191,1.00,1.00
2015.04.17 20:02:19.806,0.73154,0.73194,1.00,1.00
2015.04.17 20:02:20.258,0.73156,0.73196,1.00,1.50
2015.04.17 20:02:20.719,0.73159,0.73195,1.00,1.00
2015.04.17 20:02:21.419,0.73159,0.73199,1.00,1.00
2015.04.17 20:02:22.320,0.73159,0.73196,1.00,1.00
2015.04.17 20:02:22.775,0.73159,0.73199,1.00,1.00
2015.04.17 20:02:22.892,0.73159,0.73196,1.00,1.00
2015.04.17 20:02:23.570,0.73159,0.73199,1.00,1.00
2015.04.17 20:02:23.677,0.73159,0.73196,1.00,1.00
2015.04.17 20:02:25.722,0.73159,0.73199,1.00,1.00
2015.04.17 20:02:25.944,0.73159,0.73196,1.00,1.00
2015.04.17 20:02:27.523,0.73157,0.73196,1.00,1.00
2015.04.17 20:02:28.031,0.73159,0.73199,1.00,1.50
2015.04.17 20:02:28.913,0.73159,0.73196,1.00,1.00
2015.04.17 20:02:29.828,0.73159,0.73199,1.00,1.37
2015.04.17 20:02:31.882,0.73159,0.73196,1.00,1.00
2015.04.17 20:02:34.744,0.73159,0.73191,1.00,1.00
2015.04.17 20:02:34.854,0.73159,0.73196,1.00,1.00
2015.04.17 20:02:35.005,0.73156,0.73195,1.00,1.00
2015.04.17 20:02:35.288,0.73156,0.73195,1.00,1.37
2015.04.17 20:02:35.609,0.73156,0.73191,1.00,1.00
2015.04.17 20:02:35.659,0.73156,0.73195,1.00,1.12
2015.04.17 20:02:35.795,0.73156,0.73195,1.00,1.37
2015.04.17 20:02:36.130,0.73156,0.73196,1.00,1.50
2015.04.17 20:02:36.191,0.73156,0.73196,1.00,1.87
2015.04.17 20:02:37.093,0.73156,0.73196,1.00,1.50
2015.04.17 20:02:37.594,0.73156,0.73196,1.00,1.87
2015.04.17 20:02:37.795,0.73156,0.73196,1.00,1.50
2015.04.17 20:02:38.521,0.73156,0.73195,1.00,1.00
2015.04.17 20:02:40.571,0.73156,0.73196,1.00,1.50
2015.04.17 20:02:40.700,0.73156,0.73196,1.00,1.87
2015.04.17 20:02:40.841,0.73156,0.73196,1.00,1.50
2015.04.17 20:02:41.401,0.73156,0.73196,1.00,1.87
2015.04.17 20:02:42.154,0.73156,0.73195,1.00,1.37
2015.04.17 20:02:42.470,0.7315,0.73186,1.00,1.37
2015.04.17 20:02:44.168,0.7315,0.73186,1.00,1.12
2015.04.17 20:02:46.020,0.7315,0.73186,1.00,1.37
2015.04.17 20:02:46.344,0.7315,0.73186,1.00,1.37
2015.04.17 20:02:46.511,0.7315,0.73186,1.00,1.37
2015.04.17 20:02:46.812,0.7315,0.73186,1.00,1.12
2015.04.17 20:02:46.954,0.73146,0.73185,1.00,1.00
2015.04.17 20:02:47.012,0.73146,0.73185,1.00,1.37
2015.04.17 20:02:47.331,0.73148,0.73185,1.00,1.00
2015.04.17 20:02:54.570,0.73148,0.73186,1.00,1.12
2015.04.17 20:02:54.876,0.73148,0.73181,1.00,1.00
2015.04.17 20:02:55.242,0.73145,0.73181,1.00,1.00
2015.04.17 20:02:56.303,0.73145,0.73185,1.00,1.00
2015.04.17 20:02:56.882,0.73145,0.73181,1.00,1.00
2015.04.17 20:02:58.830,0.73145,0.73185,1.00,1.50
2015.04.17 20:03:00.593,0.73151,0.73185,1.00,1.00
2015.04.17 20:03:01.094,0.73151,0.73186,1.00,1.37
2015.04.17 20:03:05.749,0.73151,0.73186,1.00,1.12
2015.04.17 20:03:05.900,0.73155,0.73191,1.00,1.50
2015.04.17 20:03:06.000,0.73166,0.73196,1.00,1.00
2015.04.17 20:03:06.323,0.7317,0.732,1.00,1.00
2015.04.17 20:03:06.968,0.73169,0.73201,1.00,1.00
2015.04.17 20:03:07.520,0.73169,0.732,1.00,1.00
2015.04.17 20:03:08.851,0.73172,0.732,1.00,1.00
2015.04.17 20:03:09.173,0.73172,0.73205,1.00,1.37
2015.04.17 20:03:10.797,0.73172,0.73205,1.00,1.37
2015.04.17 20:03:11.300,0.73171,0.73201,1.00,1.12
2015.04.17 20:03:12.665,0.73171,0.73201,1.00,1.37
2015.04.17 20:03:14.882,0.73168,0.732,1.00,1.00
2015.04.17 20:03:15.770,0.73168,0.73199,1.00,1.00
2015.04.17 20:03:17.972,0.73166,0.73199,1.00,1.00
2015.04.17 20:03:18.170,0.73166,0.73197,1.00,1.00
2015.04.17 20:03:18.722,0.73166,0.73196,1.00,1.00
2015.04.17 20:03:23.164,0.73166,0.73198,1.00,1.00
2015.04.17 20:03:23.712,0.73166,0.73199,1.00,1.00
2015.04.17 20:03:23.813,0.73166,0.73201,1.00,1.50
2015.04.17 20:03:24.262,0.73163,0.73199,1.00,1.00
2015.04.17 20:03:24.700,0.73161,0.73199,1.00,1.00
2015.04.17 20:03:31.642,0.73161,0.73196,1.00,1.00
2015.04.17 20:03:34.082,0.73161,0.73199,1.00,1.00
2015.04.17 20:03:34.241,0.73163,0.73198,1.00,1.00
2015.04.17 20:03:38.427,0.73163,0.73198,1.00,1.37
2015.04.17 20:03:39.051,0.73163,0.73195,1.00,1.00
2015.04.17 20:03:39.300,0.7316,0.73196,1.00,1.12
2015.04.17 20:03:40.441,0.7316,0.73195,1.00,1.00
2015.04.17 20:03:40.738,0.7316,0.73195,1.00,1.37
2015.04.17 20:03:40.889,0.73157,0.73195,1.00,1.37
2015.04.17 20:03:41.040,0.73157,0.73195,1.00,1.00
2015.04.17 20:03:42.546,0.73157,0.73195,1.00,1.37
2015.04.17 20:03:42.951,0.73157,0.73195,1.00,1.87
2015.04.17 20:03:43.253,0.73157,0.73195,1.00,1.87
2015.04.17 20:03:43.556,0.73157,0.73191,1.00,1.00
2015.04.17 20:03:44.687,0.73157,0.73195,1.00,1.37
2015.04.17 20:03:47.969,0.73157,0.73195,1.00,1.00
2015.04.17 20:03:48.069,0.73157,0.73195,1.00,1.75
2015.04.17 20:03:48.270,0.73157,0.73195,1.00,1.37
2015.04.17 20:03:48.410,0.73157,0.73195,1.00,1.12
2015.04.17 20:03:48.577,0.73157,0.73195,1.00,1.37
2015.04.17 20:03:48.875,0.73157,0.73195,1.00,1.12
2015.04.17 20:03:48.976,0.73157,0.73195,1.00,1.75
2015.04.17 20:03:50.830,0.73157,0.7319,1.00,1.75
2015.04.17 20:03:50.880,0.73151,0.7319,1.00,1.75
2015.04.17 20:03:51.031,0.73151,0.73191,1.00,2.25
2015.04.17 20:03:51.082,0.73149,0.73187,1.00,1.75
2015.04.17 20:03:51.183,0.73146,0.73186,1.00,2.25
2015.04.17 20:03:52.385,0.73146,0.73186,1.00,1.87
2015.04.17 20:03:52.486,0.73146,0.73186,1.00,2.25
2015.04.17 20:03:53.088,0.73146,0.73186,1.00,2.25
2015.04.17 20:03:58.099,0.73146,0.73186,1.00,2.25
2015.04.17 20:03:58.310,0.73146,0.73186,1.00,2.25
2015.04.17 20:03:59.258,0.73146,0.73186,1.00,1.87
2015.04.17 20:04:06.234,0.73146,0.73186,1.00,1.87
2015.04.17 20:04:06.735,0.73146,0.73186,1.00,1.50
2015.04.17 20:04:07.291,0.73147,0.73186,1.00,1.00
2015.04.17 20:04:08.162,0.73147,0.73187,1.00,1.50
2015.04.17 20:04:14.979,0.73147,0.73186,1.00,1.00
2015.04.17 20:04:16.680,0.73147,0.73187,1.00,1.50
2015.04.17 20:04:18.119,0.73147,0.73184,1.00,1.00
2015.04.17 20:04:21.683,0.73146,0.73184,1.00,1.50
2015.04.17 20:04:22.299,0.73146,0.73184,1.00,1.37
2015.04.17 20:04:23.194,0.73146,0.73184,1.00,1.00
2015.04.17 20:04:23.701,0.73147,0.73185,1.00,1.00
2015.04.17 20:04:24.219,0.73147,0.73186,1.00,1.00
2015.04.17 20:04:24.820,0.73147,0.73187,1.00,1.12
2015.04.17 20:04:25.973,0.73147,0.73186,1.00,1.00
2015.04.17 20:04:26.405,0.73147,0.73186,1.00,1.37
2015.04.17 20:04:27.056,0.73142,0.7318,1.00,1.00
2015.04.17 20:04:27.157,0.73138,0.73178,1.00,1.37
2015.04.17 20:04:27.429,0.73138,0.73178,1.00,1.12
2015.04.17 20:04:27.630,0.73138,0.73178,1.00,1.87
2015.04.17 20:04:28.116,0.73138,0.73178,1.00,1.50
2015.04.17 20:04:28.255,0.73138,0.73178,1.00,1.87
2015.04.17 20:04:30.326,0.73138,0.73177,1.00,1.50
2015.04.17 20:04:32.434,0.73138,0.73177,1.00,1.37
2015.04.17 20:04:32.635,0.73138,0.73177,1.00,1.00
2015.04.17 20:04:32.837,0.73138,0.73177,1.00,1.37
2015.04.17 20:04:32.988,0.73138,0.73177,1.00,1.00
2015.04.17 20:04:33.239,0.73138,0.73176,1.00,1.37
2015.04.17 20:04:33.340,0.73138,0.73176,1.00,1.00
2015.04.17 20:04:33.449,0.73138,0.73176,1.00,1.37
2015.04.17 20:04:35.845,0.73138,0.73176,1.00,1.37
2015.04.17 20:04:35.951,0.73136,0.73176,1.00,1.87
2015.04.17 20:04:36.548,0.73136,0.73175,1.00,1.37
2015.04.17 20:04:36.649,0.73135,0.73175,1.00,2.25
2015.04.17 20:04:36.759,0.73135,0.73175,1.00,2.25
2015.04.17 20:04:36.979,0.73133,0.7317,1.00,2.25
2015.04.17 20:04:37.579,0.73133,0.7317,1.00,2.25
2015.04.17 20:04:41.362,0.73133,0.7317,1.00,1.87
2015.04.17 20:04:42.250,0.7313,0.7317,1.00,2.62
2015.04.17 20:04:42.401,0.7313,0.7317,1.00,1.87
2015.04.17 20:04:42.452,0.7313,0.73168,1.00,1.00
2015.04.17 20:04:43.029,0.7313,0.73167,1.00,1.00
2015.04.17 20:04:43.346,0.7313,0.73163,1.00,1.00
2015.04.17 20:04:47.204,0.73132,0.73165,1.00,1.00
2015.04.17 20:04:47.709,0.73131,0.73166,1.00,1.00
2015.04.17 20:04:48.333,0.73131,0.73165,1.00,1.00
2015.04.17 20:04:48.934,0.73133,0.73165,1.00,1.00
2015.04.17 20:04:49.287,0.73133,0.73163,1.00,1.00
2015.04.17 20:04:55.991,0.73134,0.73174,1.00,1.37
2015.04.17 20:04:56.508,0.73134,0.73174,1.00,1.37
2015.04.17 20:05:00.922,0.73134,0.73174,1.00,1.37
2015.04.17 20:05:01.074,0.7313,0.7317,1.00,1.00
2015.04.17 20:05:01.140,0.73134,0.73174,1.00,1.37
2015.04.17 20:05:01.425,0.73134,0.73174,1.00,1.00
2015.04.17 20:05:01.476,0.73139,0.73175,1.00,1.12
2015.04.17 20:05:01.828,0.73135,0.73173,1.00,1.00
2015.04.17 20:05:02.489,0.73135,0.73173,1.00,1.37
2015.04.17 20:05:04.135,0.73135,0.73173,1.00,1.37
2015.04.17 20:05:06.560,0.73135,0.73173,1.00,1.00
2015.04.17 20:05:06.660,0.73138,0.73176,1.00,1.87
2015.04.17 20:05:10.419,0.73138,0.73175,1.00,1.00
2015.04.17 20:05:10.988,0.73137,0.73175,1.00,1.00
2015.04.17 20:05:12.006,0.73137,0.73176,1.00,1.00
2015.04.17 20:05:13.499,0.73137,0.73175,1.00,1.00
2015.04.17 20:05:26.923,0.73137,0.73177,1.00,1.12
2015.04.17 20:05:26.993,0.73139,0.73179,1.00,1.37
2015.04.17 20:05:27.294,0.73139,0.73172,1.00,1.00
2015.04.17 20:05:28.019,0.73139,0.73171,1.00,1.00
2015.04.17 20:05:28.520,0.73139,0.73172,1.00,1.00
2015.04.17 20:05:29.511,0.73139,0.73171,1.00,1.00
2015.04.17 20:05:29.813,0.73144,0.73175,1.00,1.00
2015.04.17 20:05:30.201,0.73143,0.73171,1.00,1.00
2015.04.17 20:05:47.612,0.73143,0.7317,1.00,1.00
2015.04.17 20:05:48.532,0.73143,0.73171,1.00,1.00
2015.04.17 20:05:53.739,0.73145,0.73175,1.00,1.00
2015.04.17 20:05:53.840,0.73145,0.73173,1.00,1.00
2015.04.17 20:05:55.002,0.73146,0.73173,1.00,1.00
2015.04.17 20:06:08.267,0.73139,0.73175,1.00,1.87
2015.04.17 20:06:08.317,0.73139,0.73171,1.00,1.00
2015.04.17 20:06:09.040,0.73137,0.73171,1.00,1.00
2015.04.17 20:06:09.141,0.73135,0.73171,1.00,1.00
2015.04.17 20:06:09.481,0.73135,0.73171,1.00,1.37
2015.04.17 20:06:10.039,0.73135,0.73166,1.00,1.00
2015.04.17 20:06:11.809,0.73135,0.73171,1.00,1.37
2015.04.17 20:06:13.742,0.73134,0.73171,1.00,1.37
2015.04.17 20:06:13.894,0.73134,0.73171,1.00,1.37
2015.04.17 20:06:16.258,0.73134,0.73163,1.00,1.00
2015.04.17 20:06:27.147,0.73134,0.73165,1.00,1.00
2015.04.17 20:06:33.216,0.73134,0.73163,1.00,1.00
2015.04.17 20:06:37.060,0.73131,0.73163,1.00,1.00
2015.04.17 20:06:53.371,0.73134,0.73163,1.00,1.00
2015.04.17 20:06:53.702,0.73141,0.73164,1.00,1.00
2015.04.17 20:06:53.802,0.73141,0.73174,1.00,1.00
2015.04.17 20:07:00.211,0.73141,0.73171,1.00,1.00
2015.04.17 20:07:00.321,0.73141,0.73174,1.00,1.00
2015.04.17 20:07:00.978,0.73141,0.73171,1.00,1.00
2015.04.17 20:07:02.469,0.7314,0.73171,1.00,1.00
2015.04.17 20:07:04.060,0.7314,0.73174,1.00,1.12
2015.04.17 20:07:06.884,0.7314,0.73171,1.00,1.00
2015.04.17 20:07:07.018,0.7314,0.73173,1.00,1.00
2015.04.17 20:07:07.188,0.7314,0.73175,1.00,1.00
2015.04.17 20:07:09.058,0.7314,0.73173,1.00,1.00
2015.04.17 20:07:16.207,0.7314,0.73174,1.00,1.00
2015.04.17 20:07:36.670,0.7314,0.73173,1.00,1.00
2015.04.17 20:07:38.540,0.7314,0.73174,1.00,1.00
2015.04.17 20:07:43.109,0.7314,0.73171,1.00,1.00
2015.04.17 20:07:44.629,0.7314,0.73174,1.00,1.00
2015.04.17 20:07:46.827,0.7314,0.73171,1.00,1.00
2015.04.17 20:07:47.078,0.7314,0.73174,1.00,1.00
2015.04.17 20:07:47.128,0.7314,0.73174,1.00,1.37
2015.04.17 20:07:53.721,0.7314,0.73174,1.00,1.37
2015.04.17 20:08:00.466,0.7314,0.73171,1.00,1.00
2015.04.17 20:08:01.045,0.7314,0.73173,1.00,1.12
2015.04.17 20:08:03.306,0.73129,0.73173,1.00,1.12
2015.04.17 20:08:03.356,0.73127,0.73171,1.00,1.00
2015.04.17 20:08:16.887,0.7313,0.73174,1.00,1.37
2015.04.17 20:08:17.258,0.73139,0.73171,1.00,1.87
2015.04.17 20:08:17.374,0.73139,0.73171,1.00,1.50
2015.04.17 20:08:17.878,0.73139,0.73171,1.00,1.87
2015.04.17 20:08:18.684,0.73139,0.73171,1.00,1.50
2015.04.17 20:08:19.808,0.73139,0.73171,1.00,1.87
2015.04.17 20:08:20.704,0.73139,0.73171,1.00,1.50
2015.04.17 20:08:21.501,0.73139,0.7317,1.00,1.00
2015.04.17 20:08:22.118,0.73139,0.73171,1.00,1.50
2015.04.17 20:08:24.465,0.73147,0.73173,1.00,1.00
2015.04.17 20:08:24.516,0.73147,0.73181,1.00,1.00
2015.04.17 20:08:24.566,0.73153,0.73181,1.00,1.00
2015.04.17 20:08:24.670,0.7315,0.73186,1.00,1.00
2015.04.17 20:08:24.770,0.7315,0.73182,1.00,1.00
2015.04.17 20:08:24.871,0.7315,0.73184,1.00,1.00
2015.04.17 20:08:24.922,0.73155,0.73184,1.00,1.00
2015.04.17 20:08:24.973,0.73155,0.73186,1.00,1.50
2015.04.17 20:08:25.924,0.73154,0.73185,1.00,1.00
2015.04.17 20:08:31.377,0.73154,0.73186,1.00,1.50
2015.04.17 20:08:35.558,0.73154,0.73181,1.00,1.00
2015.04.17 20:08:37.677,0.73147,0.73181,1.00,1.00
2015.04.17 20:08:42.207,0.73147,0.73176,1.00,1.00
2015.04.17 20:08:46.996,0.73147,0.73175,1.00,1.00
2015.04.17 20:08:47.108,0.73147,0.73181,1.00,1.50
2015.04.17 20:08:47.541,0.73144,0.73181,1.00,1.50
2015.04.17 20:08:48.648,0.73144,0.7318,1.00,1.00
2015.04.17 20:08:50.167,0.73144,0.73181,1.00,1.50
2015.04.17 20:08:53.158,0.73144,0.73175,1.00,1.00
2015.04.17 20:08:55.356,0.73144,0.73176,1.00,1.00
2015.04.17 20:08:58.877,0.73144,0.73175,1.00,1.00
2015.04.17 20:09:00.307,0.73144,0.73176,1.00,1.00
2015.04.17 20:09:02.871,0.73144,0.7318,1.00,1.00
2015.04.17 20:09:03.092,0.73147,0.7318,1.00,1.00
2015.04.17 20:09:06.468,0.73147,0.73181,1.00,1.00
2015.04.17 20:09:12.298,0.73147,0.7318,1.00,1.00
2015.04.17 20:09:21.866,0.73147,0.73181,1.00,1.00
2015.04.17 20:09:38.477,0.73147,0.73184,1.00,1.12
2015.04.17 20:09:39.138,0.73147,0.73181,1.00,1.00
2015.04.17 20:09:39.245,0.73147,0.73184,1.00,1.12
2015.04.17 20:09:39.905,0.73147,0.73181,1.00,1.00
2015.04.17 20:09:40.445,0.73147,0.7318,1.00,1.00
2015.04.17 20:09:49.038,0.73147,0.73184,1.00,1.12
2015.04.17 20:09:57.285,0.73147,0.73181,1.00,1.00
2015.04.17 20:10:00.149,0.73143,0.7318,1.00,1.37
2015.04.17 20:10:00.250,0.73143,0.7318,1.00,1.75
2015.04.17 20:10:00.300,0.73138,0.73178,1.00,1.75
2015.04.17 20:10:00.351,0.73138,0.73178,1.00,1.00
2015.04.17 20:10:00.402,0.73135,0.73173,1.00,1.00
2015.04.17 20:10:00.915,0.73138,0.73173,1.00,1.00
2015.04.17 20:10:01.232,0.7314,0.73173,1.00,1.00
2015.04.17 20:10:01.575,0.73144,0.73169,1.00,1.00
2015.04.17 20:10:02.317,0.73144,0.7317,1.00,1.00
2015.04.17 20:10:12.350,0.73146,0.7317,1.00,1.00
2015.04.17 20:10:12.551,0.7315,0.73175,1.00,1.00
2015.04.17 20:10:18.034,0.7315,0.73174,1.00,1.00
2015.04.17 20:10:19.387,0.73148,0.73174,1.00,1.00
2015.04.17 20:10:20.023,0.73148,0.73175,1.00,1.00
2015.04.17 20:10:29.190,0.73148,0.73177,1.00,1.00
2015.04.17 20:10:43.358,0.73148,0.73175,1.00,1.50
2015.04.17 20:10:43.408,0.73145,0.73175,1.00,1.50
2015.04.17 20:10:44.244,0.73145,0.73174,1.00,1.00
2015.04.17 20:10:49.528,0.73146,0.73174,1.00,1.00
2015.04.17 20:10:50.068,0.73146,0.73175,1.00,1.00
2015.04.17 20:10:50.584,0.73146,0.73174,1.00,1.00
2015.04.17 20:10:51.619,0.73151,0.73174,1.00,1.00
2015.04.17 20:10:51.930,0.73151,0.73176,1.00,1.00
2015.04.17 20:10:53.377,0.73148,0.73176,1.00,1.00
2015.04.17 20:10:55.339,0.73148,0.73171,1.00,1.00
2015.04.17 20:10:55.490,0.73142,0.73171,1.00,1.00
2015.04.17 20:10:55.590,0.73139,0.73164,1.00,1.00
2015.04.17 20:10:55.919,0.73133,0.73157,1.00,1.00
2015.04.17 20:11:00.163,0.73133,0.73155,1.00,1.00
2015.04.17 20:11:03.464,0.73133,0.73169,1.00,1.12
2015.04.17 20:11:03.515,0.73137,0.73172,1.00,1.12
2015.04.17 20:11:03.825,0.73137,0.73166,1.00,1.00
2015.04.17 20:11:07.475,0.73133,0.73165,1.00,1.00
2015.04.17 20:11:07.676,0.73133,0.73162,1.00,1.00
2015.04.17 20:11:09.073,0.73133,0.73163,1.00,1.00
2015.04.17 20:11:17.049,0.73134,0.73163,1.00,1.00
2015.04.17 20:11:23.153,0.73134,0.73164,1.00,1.00
2015.04.17 20:11:27.819,0.73133,0.73164,1.00,1.00
2015.04.17 20:11:28.557,0.73133,0.73165,1.00,1.00
2015.04.17 20:11:33.854,0.73133,0.73166,1.00,1.00
2015.04.17 20:11:34.464,0.73133,0.73165,1.00,1.00
2015.04.17 20:11:35.126,0.73133,0.73166,1.00,1.00
2015.04.17 20:11:44.365,0.73133,0.73165,1.00,1.00
2015.04.17 20:11:44.889,0.73133,0.73166,1.00,1.50
2015.04.17 20:11:45.505,0.73133,0.73168,1.00,1.00
2015.04.17 20:11:48.157,0.73135,0.73168,1.00,1.00
2015.04.17 20:11:52.064,0.73135,0.73166,1.00,1.00
2015.04.17 20:11:52.505,0.73135,0.73168,1.00,1.00
2015.04.17 20:11:52.725,0.73135,0.73165,1.00,1.00
2015.04.17 20:11:54.263,0.73135,0.73166,1.00,1.00
2015.04.17 20:11:57.894,0.73135,0.73168,1.00,1.00
2015.04.17 20:12:00.772,0.73135,0.73168,1.00,1.37
2015.04.17 20:12:01.838,0.73135,0.73168,1.00,1.00
2015.04.17 20:12:01.889,0.73135,0.73155,1.00,1.00
2015.04.17 20:12:01.939,0.73132,0.73155,1.00,1.00
2015.04.17 20:12:02.126,0.73132,0.73167,1.00,1.75
2015.04.17 20:12:09.258,0.73132,0.7317,1.00,1.75
2015.04.17 20:12:24.291,0.73132,0.7317,1.00,1.50
2015.04.17 20:12:27.067,0.73135,0.73165,1.00,1.12
2015.04.17 20:12:54.975,0.73135,0.73171,1.00,2.25
2015.04.17 20:12:55.237,0.73131,0.73169,1.00,1.75
2015.04.17 20:12:55.552,0.73131,0.73154,1.00,1.00
2015.04.17 20:12:56.871,0.73131,0.73153,1.00,1.00
2015.04.17 20:12:58.836,0.73121,0.73153,1.00,1.00
2015.04.17 20:12:58.987,0.73119,0.73156,1.00,1.00
2015.04.17 20:12:59.138,0.73117,0.73156,1.00,1.00
2015.04.17 20:13:00.302,0.73117,0.73157,1.00,1.00
2015.04.17 20:13:06.572,0.73117,0.73156,1.00,1.00
2015.04.17 20:13:06.773,0.73117,0.73147,1.00,1.00
2015.04.17 20:13:07.101,0.73117,0.73155,1.00,1.50
2015.04.17 20:13:07.254,0.73117,0.73157,1.00,1.00
2015.04.17 20:13:07.455,0.73117,0.73145,1.00,1.00
2015.04.17 20:13:07.662,0.73117,0.73154,1.00,1.00
2015.04.17 20:13:07.713,0.73117,0.73157,1.00,1.00
2015.04.17 20:13:20.152,0.73117,0.73153,1.00,1.00
2015.04.17 20:13:20.482,0.73117,0.73147,1.00,1.00
2015.04.17 20:13:20.532,0.73117,0.73157,1.00,1.00
2015.04.17 20:13:20.633,0.73117,0.73153,1.00,1.00
2015.04.17 20:13:21.010,0.73117,0.73146,1.00,1.00
2015.04.17 20:13:25.702,0.73117,0.73157,1.00,1.00
2015.04.17 20:13:32.194,0.73115,0.73153,1.00,1.00
2015.04.17 20:13:32.275,0.73115,0.73155,1.00,1.00
2015.04.17 20:13:32.460,0.73115,0.73153,1.00,1.00
2015.04.17 20:13:33.566,0.73115,0.73146,1.00,1.00
2015.04.17 20:13:52.310,0.73115,0.73147,1.00,1.00
2015.04.17 20:13:53.104,0.73115,0.73148,1.00,1.00
2015.04.17 20:13:53.871,0.73115,0.73147,1.00,1.00
2015.04.17 20:14:03.422,0.73115,0.73146,1.00,1.00
2015.04.17 20:14:03.680,0.73115,0.73149,1.00,1.00
2015.04.17 20:14:04.011,0.73115,0.73146,1.00,1.00
2015.04.17 20:14:08.701,0.73115,0.73148,1.00,1.00
2015.04.17 20:14:23.756,0.73113,0.73148,1.00,1.00
2015.04.17 20:14:31.690,0.73113,0.73146,1.00,1.00
2015.04.17 20:14:35.442,0.73113,0.73147,1.00,1.00
2015.04.17 20:14:37.142,0.73119,0.73147,1.00,1.00
2015.04.17 20:14:37.343,0.73118,0.73151,1.00,1.00
2015.04.17 20:14:37.444,0.73117,0.73157,1.00,1.00
2015.04.17 20:14:37.615,0.73114,0.73154,1.00,1.00
2015.04.17 20:14:40.332,0.73119,0.73154,1.00,1.00
2015.04.17 20:14:40.651,0.73116,0.73149,1.00,1.00
2015.04.17 20:14:41.700,0.73119,0.7315,1.00,1.00
2015.04.17 20:14:43.837,0.7312,0.7315,1.00,1.00
2015.04.17 20:14:44.145,0.73125,0.73165,1.00,1.50
2015.04.17 20:14:46.441,0.73119,0.73159,1.00,1.00
2015.04.17 20:14:50.397,0.73119,0.73149,1.50,1.00
2015.04.17 20:14:51.448,0.7312,0.73149,1.00,1.00
2015.04.17 20:14:51.760,0.73125,0.73154,1.00,1.00
2015.04.17 20:14:51.962,0.73118,0.73154,1.00,1.00
2015.04.17 20:14:52.089,0.73118,0.73158,1.00,1.00
2015.04.17 20:15:04.894,0.73117,0.73155,1.00,1.00
2015.04.17 20:15:06.140,0.73118,0.73158,1.00,1.00
2015.04.17 20:15:09.549,0.7312,0.73158,1.00,1.00
2015.04.17 20:15:09.859,0.73122,0.73151,1.00,1.00
2015.04.17 20:15:10.010,0.73123,0.73153,1.00,1.00
2015.04.17 20:15:10.220,0.73124,0.73161,1.00,1.00
2015.04.17 20:15:10.590,0.73124,0.73164,1.50,1.00
2015.04.17 20:15:11.191,0.7312,0.73158,1.00,1.00
2015.04.17 20:15:11.605,0.73118,0.73156,1.00,1.00
2015.04.17 20:15:18.101,0.73126,0.73161,1.00,1.00
2015.04.17 20:15:18.572,0.73129,0.73162,1.50,1.00
2015.04.17 20:15:19.659,0.73129,0.73167,1.00,1.00
2015.04.17 20:15:28.129,0.73136,0.73166,1.00,1.00
2015.04.17 20:15:28.230,0.73137,0.73172,1.00,1.00
2015.04.17 20:15:28.380,0.7315,0.73172,1.00,1.00
2015.04.17 20:15:28.481,0.7315,0.73183,1.00,1.00
2015.04.17 20:15:28.682,0.73151,0.73196,1.00,1.50
2015.04.17 20:15:28.999,0.73149,0.73196,1.50,1.50
2015.04.17 20:15:29.094,0.73151,0.73196,1.00,1.50
2015.04.17 20:15:29.429,0.73155,0.73193,1.00,1.00
2015.04.17 20:15:30.200,0.73152,0.73192,1.00,1.00
2015.04.17 20:15:41.744,0.73151,0.73189,1.00,1.00
2015.04.17 20:15:42.558,0.73159,0.73189,1.00,1.00
2015.04.17 20:15:42.889,0.73166,0.73198,1.00,1.00
2015.04.17 20:15:42.990,0.73164,0.73202,1.00,1.00
2015.04.17 20:15:43.064,0.73161,0.73201,1.00,1.00
2015.04.17 20:15:43.215,0.73166,0.73198,1.00,1.00
2015.04.17 20:15:43.299,0.73161,0.73201,1.00,1.00
2015.04.17 20:15:43.892,0.73161,0.732,1.00,1.00
2015.04.17 20:15:44.093,0.7316,0.73198,1.00,1.00
2015.04.17 20:16:06.062,0.73161,0.73201,1.00,1.00
2015.04.17 20:16:06.673,0.73161,0.732,1.00,1.00
2015.04.17 20:16:06.934,0.7316,0.73198,1.00,1.00
2015.04.17 20:16:11.173,0.73161,0.73201,1.00,1.50
2015.04.17 20:16:11.274,0.73164,0.73202,1.00,1.00
2015.04.17 20:16:12.479,0.73166,0.73206,1.00,1.00
2015.04.17 20:16:13.048,0.73167,0.73207,1.00,1.00
2015.04.17 20:16:13.103,0.73169,0.73209,1.00,1.00
2015.04.17 20:16:15.339,0.73177,0.7321,1.00,1.00
2015.04.17 20:16:15.389,0.73177,0.73215,1.00,1.50
2015.04.17 20:16:15.440,0.73179,0.73212,1.00,1.00
2015.04.17 20:16:15.679,0.73179,0.73219,1.00,1.00
2015.04.17 20:16:17.372,0.73179,0.73215,1.00,1.00
2015.04.17 20:16:18.110,0.73179,0.73216,1.00,1.00
2015.04.17 20:16:18.161,0.73177,0.73216,1.00,1.00
2015.04.17 20:16:21.785,0.73179,0.73216,1.00,1.00
2015.04.17 20:16:21.853,0.73179,0.73219,1.00,1.00
2015.04.17 20:16:25.126,0.73181,0.73221,1.00,1.50
2015.04.17 20:16:26.183,0.73178,0.73218,1.00,1.00
2015.04.17 20:16:26.754,0.73179,0.73219,1.00,1.00
2015.04.17 20:17:00.394,0.73177,0.73217,1.00,1.00
2015.04.17 20:17:00.824,0.73175,0.73215,1.00,1.00
2015.04.17 20:17:01.288,0.73178,0.73216,1.00,1.00
2015.04.17 20:17:02.768,0.73178,0.73211,1.00,1.00
2015.04.17 20:17:03.078,0.73174,0.73198,1.00,1.00
2015.04.17 20:17:03.179,0.73174,0.7321,1.00,1.00
2015.04.17 20:17:03.279,0.73174,0.73214,1.00,1.00
2015.04.17 20:17:03.693,0.73176,0.73216,1.00,1.50
2015.04.17 20:17:54.137,0.73176,0.73215,1.00,1.00
2015.04.17 20:17:55.459,0.73176,0.73216,1.00,1.50
2015.04.17 20:17:56.889,0.73176,0.73215,1.00,1.00
2015.04.17 20:17:57.521,0.73176,0.73216,1.00,1.00
2015.04.17 20:18:02.829,0.73176,0.73215,1.00,1.00
2015.04.17 20:18:04.586,0.7317,0.7322,1.00,1.00
2015.04.17 20:18:09.098,0.73169,0.73221,1.00,1.50
2015.04.17 20:18:14.599,0.73164,0.73216,1.00,1.00
2015.04.17 20:18:16.783,0.73174,0.73214,1.00,1.00
2015.04.17 20:18:18.219,0.73176,0.73216,1.00,1.00
2015.04.17 20:18:23.936,0.73175,0.73215,1.00,1.00
2015.04.17 20:19:21.877,0.73175,0.73205,1.00,1.00
2015.04.17 20:19:22.128,0.73178,0.73211,1.50,1.00
2015.04.17 20:19:22.229,0.73178,0.73216,1.00,1.00
2015.04.17 20:19:22.744,0.73178,0.73217,1.00,1.00
2015.04.17 20:19:25.299,0.73178,0.73216,1.00,1.00
2015.04.17 20:19:38.376,0.73178,0.73211,1.50,1.00
2015.04.17 20:19:40.086,0.73181,0.73214,1.00,1.00
2015.04.17 20:19:40.137,0.73178,0.73213,1.00,1.00
2015.04.17 20:19:40.345,0.73178,0.73216,1.00,1.00
2015.04.17 20:20:00.911,0.73179,0.73216,1.00,1.00
2015.04.17 20:20:00.962,0.73179,0.7321,1.00,1.00
2015.04.17 20:20:01.675,0.73181,0.73212,1.00,1.00
2015.04.17 20:20:01.913,0.73178,0.73214,1.00,1.00
2015.04.17 20:20:02.165,0.73178,0.73216,1.00,1.50
2015.04.17 20:20:04.839,0.73183,0.73216,1.00,1.00
2015.04.17 20:20:04.970,0.73185,0.73221,1.00,1.00
2015.04.17 20:20:05.071,0.7319,0.73228,1.00,1.00
2015.04.17 20:20:05.276,0.73193,0.73231,1.00,1.00
2015.04.17 20:20:05.377,0.73195,0.73236,1.00,1.00
2015.04.17 20:20:05.428,0.73195,0.73238,1.00,1.00
2015.04.17 20:20:05.663,0.73195,0.73241,1.00,1.00
2015.04.17 20:20:05.792,0.73199,0.73241,1.00,1.00
2015.04.17 20:20:06.122,0.73202,0.73241,1.00,1.00
2015.04.17 20:20:06.905,0.73203,0.73241,1.00,1.00
2015.04.17 20:20:07.216,0.73207,0.7324,1.00,1.00
2015.04.17 20:20:07.595,0.73207,0.73246,1.00,1.00
2015.04.17 20:20:09.436,0.7321,0.73243,1.00,1.00
2015.04.17 20:20:09.637,0.73211,0.73246,1.00,1.00
2015.04.17 20:20:09.796,0.73212,0.73248,1.00,1.00
2015.04.17 20:20:10.172,0.73212,0.73246,1.00,1.00
2015.04.17 20:20:10.273,0.73212,0.73248,1.00,1.00
2015.04.17 20:20:11.337,0.73212,0.73245,1.00,1.00
2015.04.17 20:20:17.386,0.73212,0.73246,1.00,1.00
2015.04.17 20:20:18.538,0.73211,0.73246,1.00,1.50
2015.04.17 20:20:21.235,0.73211,0.73245,1.00,1.00
2015.04.17 20:20:23.109,0.73211,0.73246,1.00,1.50
2015.04.17 20:20:25.593,0.73208,0.73246,1.00,1.50
2015.04.17 20:20:25.643,0.73208,0.73241,1.00,1.00
2015.04.17 20:20:25.862,0.73204,0.73241,1.00,1.00
2015.04.17 20:20:25.912,0.73204,0.73238,1.00,1.00
2015.04.17 20:20:25.963,0.73201,0.73238,1.00,1.00
2015.04.17 20:20:26.728,0.73201,0.73239,1.00,1.00
2015.04.17 20:20:37.655,0.73201,0.73238,1.00,1.00
2015.04.17 20:20:42.532,0.73199,0.73238,1.00,1.00
2015.04.17 20:20:43.587,0.73199,0.73239,1.00,1.50
2015.04.17 20:20:53.578,0.73199,0.73236,1.00,1.00
2015.04.17 20:20:58.856,0.73199,0.73235,1.00,1.00
2015.04.17 20:21:01.342,0.73197,0.73235,1.00,1.00
2015.04.17 20:21:25.035,0.73197,0.73236,1.00,1.00
2015.04.17 20:21:26.576,0.73197,0.73235,1.00,1.00
2015.04.17 20:21:28.998,0.73197,0.73236,1.00,1.00
2015.04.17 20:21:30.428,0.73197,0.73235,1.00,1.00
2015.04.17 20:21:30.537,0.73197,0.73237,1.00,1.00
2015.04.17 20:21:33.573,0.732,0.73239,1.00,1.00
2015.04.17 20:21:52.357,0.732,0.7324,1.00,1.00
2015.04.17 20:21:52.664,0.732,0.73236,1.00,1.00
2015.04.17 20:21:56.134,0.73198,0.73236,1.00,1.00
2015.04.17 20:22:00.413,0.73195,0.73235,1.00,1.00
2015.04.17 20:22:01.153,0.73195,0.73231,1.00,1.00
2015.04.17 20:22:01.354,0.73196,0.73234,1.00,1.00
2015.04.17 20:22:09.898,0.73199,0.73235,1.00,1.00
2015.04.17 20:22:34.258,0.73199,0.73237,1.00,1.00
2015.04.17 20:22:37.115,0.73199,0.73236,1.00,1.00
2015.04.17 20:22:38.603,0.73199,0.73235,1.00,1.00
2015.04.17 20:22:39.205,0.73199,0.73237,1.00,1.00
2015.04.17 20:22:48.995,0.73199,0.73236,1.00,1.00
2015.04.17 20:22:59.775,0.73199,0.73237,1.00,1.00
2015.04.17 20:23:04.211,0.73201,0.73238,1.00,1.00
2015.04.17 20:23:04.665,0.73204,0.73238,1.00,1.00
2015.04.17 20:23:16.272,0.73204,0.73237,1.00,1.00
2015.04.17 20:23:18.817,0.73204,0.73236,1.00,1.00
2015.04.17 20:23:19.390,0.73201,0.73235,1.00,1.00
2015.04.17 20:23:19.626,0.73203,0.73235,1.00,1.50
2015.04.17 20:23:20.265,0.73203,0.73233,1.00,1.00
2015.04.17 20:23:23.657,0.73203,0.73232,1.00,1.00
2015.04.17 20:23:25.226,0.732,0.73232,1.00,1.00
2015.04.17 20:23:25.845,0.73201,0.73232,1.00,1.00
2015.04.17 20:23:29.510,0.73205,0.73232,1.00,1.00
2015.04.17 20:23:30.280,0.73204,0.73231,1.00,1.00
2015.04.17 20:23:30.589,0.73204,0.73244,1.00,1.00
2015.04.17 20:23:30.741,0.73206,0.73245,1.00,1.00
2015.04.17 20:23:31.042,0.73206,0.73235,1.00,1.00
2015.04.17 20:23:31.244,0.73206,0.73244,1.00,1.00
2015.04.17 20:23:31.344,0.73203,0.73243,1.00,1.00
2015.04.17 20:23:31.832,0.73205,0.73245,1.00,1.00
2015.04.17 20:23:33.693,0.73195,0.73258,1.00,1.00
2015.04.17 20:23:34.363,0.73194,0.73258,1.00,1.00
2015.04.17 20:23:34.790,0.73205,0.73245,1.00,1.00
2015.04.17 20:23:40.413,0.73185,0.73258,1.00,1.00
2015.04.17 20:23:40.803,0.73194,0.73258,1.00,1.00
2015.04.17 20:23:44.542,0.73189,0.73251,1.00,1.00
2015.04.17 20:23:44.872,0.73205,0.73245,1.00,1.00
2015.04.17 20:23:45.240,0.732,0.73249,1.00,1.00
2015.04.17 20:23:45.362,0.73185,0.73258,1.00,1.00
2015.04.17 20:23:45.912,0.73195,0.73258,1.00,1.00
2015.04.17 20:23:46.522,0.73194,0.73258,1.00,1.00
2015.04.17 20:23:46.902,0.73203,0.73243,1.00,1.00
2015.04.17 20:23:47.228,0.73206,0.73244,1.00,1.00
2015.04.17 20:23:47.842,0.73205,0.73245,1.00,1.00
2015.04.17 20:23:48.280,0.73194,0.73258,1.00,1.00
2015.04.17 20:23:48.959,0.73205,0.73245,1.00,1.00
2015.04.17 20:23:55.128,0.73211,0.73251,1.00,1.50
2015.04.17 20:23:55.642,0.73211,0.73249,1.00,1.00
2015.04.17 20:23:55.812,0.73212,0.73253,1.00,1.00
2015.04.17 20:23:55.913,0.73216,0.73252,1.00,1.00
2015.04.17 20:23:56.139,0.73212,0.73261,1.00,1.00
2015.04.17 20:23:56.362,0.73217,0.73251,1.00,1.00
2015.04.17 20:23:56.532,0.73203,0.73264,1.00,1.00
2015.04.17 20:23:56.582,0.73203,0.73261,1.00,1.00
2015.04.17 20:23:56.912,0.73216,0.73252,1.00,1.00
2015.04.17 20:23:57.110,0.73213,0.73261,1.00,1.50
2015.04.17 20:23:57.399,0.73202,0.73275,1.00,1.00
2015.04.17 20:23:57.572,0.73202,0.7326,1.00,1.00
2015.04.17 20:23:57.880,0.73209,0.73259,1.00,1.00
2015.04.17 20:23:59.946,0.73206,0.73256,1.00,1.00
2015.04.17 20:24:00.298,0.73209,0.73266,1.00,1.00
2015.04.17 20:24:00.428,0.73197,0.73267,1.00,1.00
2015.04.17 20:24:00.529,0.73197,0.73257,1.00,1.00
2015.04.17 20:24:00.842,0.73204,0.73267,1.50,1.00
2015.04.17 20:24:00.943,0.73203,0.73275,1.00,1.00
2015.04.17 20:24:01.094,0.73203,0.73256,1.00,1.00
2015.04.17 20:24:01.412,0.73203,0.73275,1.00,1.00
2015.04.17 20:24:03.403,0.73204,0.73275,1.00,1.00
2015.04.17 20:24:03.922,0.73203,0.73275,1.00,1.00
2015.04.17 20:24:04.132,0.73207,0.73265,1.00,1.00
2015.04.17 20:24:04.320,0.73203,0.73265,1.00,1.00
2015.04.17 20:24:04.371,0.73203,0.73275,1.00,1.00
2015.04.17 20:24:06.152,0.73204,0.73275,1.00,1.00
2015.04.17 20:24:06.842,0.73205,0.73275,1.00,1.00
2015.04.17 20:24:08.660,0.73204,0.73275,1.00,1.00
2015.04.17 20:24:15.122,0.73205,0.73275,1.00,1.00
2015.04.17 20:24:19.304,0.73204,0.73275,1.00,1.00
2015.04.17 20:24:20.930,0.73205,0.7327,1.00,1.00
2015.04.17 20:24:21.283,0.73207,0.7327,1.00,1.00
2015.04.17 20:24:21.370,0.73207,0.7328,1.00,1.00
2015.04.17 20:24:21.616,0.73211,0.73265,1.00,1.00
2015.04.17 20:24:21.882,0.73211,0.73267,1.00,1.00
2015.04.17 20:24:22.192,0.73207,0.7328,1.00,1.50
2015.04.17 20:24:29.531,0.73215,0.7328,1.00,1.50
2015.04.17 20:24:30.082,0.73214,0.73271,1.00,1.00
2015.04.17 20:24:30.834,0.73214,0.73262,1.50,1.00
2015.04.17 20:24:32.040,0.73214,0.73259,1.00,1.00
2015.04.17 20:24:32.150,0.73214,0.73262,1.50,1.00
2015.04.17 20:24:32.262,0.73214,0.7326,1.00,1.00
2015.04.17 20:24:32.388,0.73214,0.73262,1.50,1.00
2015.04.17 20:24:39.961,0.73217,0.73257,1.00,1.00
2015.04.17 20:24:40.412,0.73215,0.73253,1.00,1.00
2015.04.17 20:24:40.513,0.73212,0.73252,1.00,1.00
2015.04.17 20:24:40.664,0.7321,0.7325,1.00,1.00
2015.04.17 20:24:41.040,0.73209,0.73248,1.00,1.00
2015.04.17 20:24:46.120,0.73205,0.73247,1.00,1.00
2015.04.17 20:24:46.273,0.73208,0.73248,1.00,1.00
2015.04.17 20:24:54.921,0.7321,0.73248,1.00,1.00
2015.04.17 20:24:55.425,0.73209,0.73249,1.00,1.00
2015.04.17 20:24:56.031,0.73207,0.73247,1.00,1.00
2015.04.17 20:24:56.372,0.73211,0.73247,1.00,1.00
2015.04.17 20:24:56.680,0.73215,0.73255,1.50,1.00
2015.04.17 20:24:56.911,0.7322,0.73258,1.00,1.00
2015.04.17 20:24:58.892,0.73218,0.73256,1.00,1.00
2015.04.17 20:24:59.880,0.7322,0.73258,1.00,1.00
2015.04.17 20:25:09.007,0.73222,0.7326,1.00,1.00
2015.04.17 20:25:14.946,0.73221,0.7326,1.00,1.00
2015.04.17 20:25:19.017,0.73223,0.7326,1.00,1.00
2015.04.17 20:25:19.168,0.73223,0.73263,1.00,1.00
2015.04.17 20:25:34.970,0.73222,0.73262,1.00,1.00
2015.04.17 20:25:39.696,0.7322,0.7326,1.00,1.00
2015.04.17 20:25:49.076,0.73218,0.73258,1.00,1.00
2015.04.17 20:25:54.698,0.73222,0.73262,1.00,1.00
2015.04.17 20:25:56.636,0.73225,0.73265,1.00,1.00
2015.04.17 20:25:58.069,0.73228,0.73266,1.00,1.00
2015.04.17 20:26:02.060,0.73224,0.73264,1.00,1.00
2015.04.17 20:26:02.919,0.73227,0.73267,1.00,1.00
2015.04.17 20:26:08.516,0.73225,0.73263,1.00,1.00
2015.04.17 20:26:13.277,0.73222,0.73262,1.00,1.00
2015.04.17 20:26:33.441,0.73221,0.73261,1.00,1.00
2015.04.17 20:26:34.146,0.73221,0.73259,1.00,1.00
2015.04.17 20:26:44.376,0.73223,0.73261,1.00,1.00
2015.04.17 20:26:49.038,0.73219,0.73257,1.00,1.00
2015.04.17 20:26:54.078,0.73219,0.73259,1.00,1.00
2015.04.17 20:27:14.735,0.73218,0.73256,1.00,1.00
2015.04.17 20:27:26.395,0.73222,0.7326,1.00,1.00
2015.04.17 20:27:56.865,0.73218,0.73258,1.00,1.00
2015.04.17 20:28:11.866,0.73218,0.73256,1.00,1.00
2015.04.17 20:28:12.016,0.73218,0.73258,1.00,1.00
2015.04.17 20:28:12.195,0.73212,0.73252,1.00,1.00
2015.04.17 20:28:19.634,0.73213,0.73253,1.00,1.00
2015.04.17 20:28:20.223,0.73215,0.73255,1.00,1.00
2015.04.17 20:28:22.935,0.73216,0.73254,1.00,1.00
2015.04.17 20:28:31.515,0.73212,0.73252,1.00,1.00
2015.04.17 20:28:59.234,0.73214,0.73254,1.00,1.00
2015.04.17 20:29:07.155,0.73212,0.73252,1.00,1.00
2015.04.17 20:29:12.874,0.73214,0.73254,1.00,1.00
2015.04.17 20:29:21.924,0.73212,0.73252,1.00,1.00
2015.04.17 20:29:32.059,0.7321,0.7325,1.00,1.00
2015.04.17 20:29:32.598,0.73208,0.73248,1.00,1.00
2015.04.17 20:29:33.114,0.7321,0.7325,1.00,1.00
2015.04.17 20:29:39.384,0.73212,0.73252,1.00,1.00
2015.04.17 20:29:41.255,0.73214,0.73254,1.00,1.00
2015.04.17 20:29:48.484,0.73212,0.7325,1.00,1.00
2015.04.17 20:29:52.136,0.73208,0.73246,1.00,1.00
2015.04.17 20:29:52.237,0.73205,0.73245,1.00,1.00
2015.04.17 20:30:00.255,0.73204,0.73244,1.00,1.00
2015.04.17 20:30:00.921,0.73195,0.73238,1.50,1.00
2015.04.17 20:30:01.136,0.73198,0.73241,1.00,1.00
2015.04.17 20:30:01.248,0.73195,0.7325,1.00,1.00
2015.04.17 20:30:04.459,0.73189,0.73246,1.00,1.00
2015.04.17 20:30:15.788,0.73194,0.73251,1.00,1.00
2015.04.17 20:30:21.617,0.73195,0.7325,1.00,1.00
2015.04.17 20:30:22.607,0.73194,0.73251,1.00,1.00
2015.04.17 20:30:29.099,0.73195,0.7325,1.00,1.00
2015.04.17 20:30:30.307,0.73194,0.73251,1.00,1.00
2015.04.17 20:30:40.147,0.73195,0.7325,1.00,1.00
2015.04.17 20:30:41.060,0.73194,0.73251,1.00,1.00
2015.04.17 20:30:56.617,0.7319,0.73245,1.00,1.00
2015.04.17 20:30:56.719,0.73194,0.73251,1.00,1.00
2015.04.17 20:30:59.676,0.7319,0.73245,1.00,1.00
2015.04.17 20:31:04.518,0.73184,0.73241,1.00,1.00
2015.04.17 20:31:06.062,0.73185,0.7324,1.00,1.00
2015.04.17 20:31:06.799,0.73184,0.73241,1.00,1.00
2015.04.17 20:31:06.850,0.7318,0.73235,1.00,1.00
2015.04.17 20:31:09.046,0.73179,0.73236,1.00,1.00
2015.04.17 20:31:11.226,0.73174,0.73231,1.00,1.00
2015.04.17 20:31:11.546,0.7318,0.73235,1.00,1.00
2015.04.17 20:31:13.124,0.73179,0.73236,1.00,1.50
2015.04.17 20:31:13.522,0.73174,0.73231,1.00,1.00
2015.04.17 20:31:14.392,0.73175,0.7323,1.00,1.00
2015.04.17 20:31:15.189,0.73169,0.73226,1.00,1.00
2015.04.17 20:31:16.508,0.7317,0.73225,1.00,1.00
2015.04.17 20:31:18.598,0.73169,0.73226,1.00,1.00
2015.04.17 20:31:18.818,0.73174,0.73231,1.00,1.50
2015.04.17 20:31:19.590,0.73175,0.7323,1.00,1.00
2015.04.17 20:31:21.020,0.73174,0.73231,1.00,1.50
2015.04.17 20:31:23.025,0.73175,0.7323,1.00,1.00
2015.04.17 20:31:28.278,0.73174,0.73231,1.00,1.50
2015.04.17 20:31:38.615,0.73175,0.7323,1.00,1.00
2015.04.17 20:31:47.422,0.73174,0.73231,1.00,1.50
2015.04.17 20:31:59.409,0.73175,0.7323,1.00,1.00
2015.04.17 20:32:00.617,0.73174,0.73231,1.00,1.50
2015.04.17 20:32:07.546,0.73175,0.7323,1.00,1.00
2015.04.17 20:32:08.117,0.73174,0.73231,1.00,1.50
2015.04.17 20:32:10.793,0.73174,0.73229,1.00,1.00
2015.04.17 20:32:10.976,0.73174,0.73231,1.00,1.50
2015.04.17 20:32:11.285,0.73169,0.73231,1.00,1.50
2015.04.17 20:32:12.246,0.7317,0.7323,1.00,1.00
2015.04.17 20:32:15.467,0.73164,0.73226,1.00,1.00
2015.04.17 20:32:24.265,0.73175,0.7323,1.00,1.00
2015.04.17 20:32:24.365,0.73175,0.73232,1.00,1.00
2015.04.17 20:32:24.416,0.73174,0.73236,1.00,1.00
2015.04.17 20:32:31.855,0.73169,0.73231,1.00,1.00
2015.04.17 20:32:36.365,0.7317,0.7323,1.00,1.00
2015.04.17 20:32:39.116,0.73174,0.73235,1.00,1.00
2015.04.17 20:32:56.294,0.73174,0.73234,1.00,1.00
2015.04.17 20:33:06.221,0.73169,0.73231,1.00,1.00
2015.04.17 20:33:06.322,0.73164,0.73226,1.00,1.00
2015.04.17 20:33:06.945,0.73169,0.73231,1.00,1.00
2015.04.17 20:33:12.666,0.7317,0.7323,1.00,1.00
2015.04.17 20:33:13.195,0.73169,0.73231,1.00,1.00
2015.04.17 20:33:13.650,0.73169,0.73226,1.00,1.00
2015.04.17 20:33:15.334,0.73164,0.73226,1.00,1.00
2015.04.17 20:33:15.435,0.73159,0.73221,1.00,1.00
2015.04.17 20:33:15.799,0.73159,0.73219,1.00,1.00
2015.04.17 20:33:17.744,0.73159,0.73217,1.00,1.00
2015.04.17 20:33:18.074,0.73159,0.73213,1.00,1.00
2015.04.17 20:33:18.164,0.73155,0.73213,1.00,1.00
2015.04.17 20:33:18.824,0.7316,0.73213,1.00,1.00
2015.04.17 20:33:20.255,0.73155,0.73213,1.00,1.00
2015.04.17 20:33:20.960,0.73154,0.73213,1.00,1.00
2015.04.17 20:33:23.671,0.7316,0.73213,1.00,1.00
2015.04.17 20:33:24.324,0.73159,0.73213,1.00,1.00
2015.04.17 20:33:28.615,0.7316,0.73213,1.00,1.00
2015.04.17 20:33:37.215,0.7316,0.73215,1.00,1.00
2015.04.17 20:33:38.295,0.73155,0.73215,1.00,1.50
2015.04.17 20:33:41.117,0.73154,0.73215,1.00,1.00
2015.04.17 20:33:41.226,0.7316,0.73214,1.00,1.00
2015.04.17 20:33:41.406,0.73154,0.73214,1.00,1.00
2015.04.17 20:33:56.036,0.7316,0.73214,1.00,1.00
2015.04.17 20:33:56.144,0.73154,0.73214,1.00,1.00
2015.04.17 20:33:56.475,0.73159,0.73214,1.00,1.00
2015.04.17 20:33:57.795,0.73154,0.73214,1.00,1.00
2015.04.17 20:33:58.006,0.73154,0.73212,1.00,1.00
2015.04.17 20:33:58.157,0.73154,0.73215,1.00,1.00
2015.04.17 20:33:58.565,0.73159,0.73215,1.00,1.00
2015.04.17 20:33:59.776,0.73154,0.73215,1.00,1.00
2015.04.17 20:34:00.349,0.73154,0.73216,1.00,1.00
2015.04.17 20:34:00.568,0.73154,0.73212,1.00,1.00
2015.04.17 20:34:02.595,0.73154,0.73205,1.00,1.00
2015.04.17 20:34:02.796,0.73154,0.73209,1.00,1.00
2015.04.17 20:34:03.073,0.73154,0.73206,1.00,1.00
2015.04.17 20:34:05.273,0.73149,0.73206,1.00,1.00
2015.04.17 20:34:06.116,0.73149,0.73207,1.00,1.00
2015.04.17 20:34:07.473,0.73149,0.73206,1.00,1.00
2015.04.17 20:34:08.356,0.7315,0.73206,1.00,1.00
2015.04.17 20:34:08.703,0.73154,0.73206,1.00,1.00
2015.04.17 20:34:09.019,0.7316,0.7322,1.00,1.00
2015.04.17 20:34:09.485,0.73159,0.73216,1.00,1.00
2015.04.17 20:34:31.783,0.73155,0.73215,1.00,1.00
2015.04.17 20:34:32.246,0.73159,0.73216,1.00,1.00
2015.04.17 20:34:37.833,0.73159,0.73217,1.00,1.00
2015.04.17 20:34:44.044,0.73159,0.73221,1.00,1.00
2015.04.17 20:34:44.245,0.73159,0.73218,1.00,1.00
2015.04.17 20:34:45.117,0.73159,0.73214,1.00,1.00
2015.04.17 20:34:45.447,0.7316,0.73208,1.00,1.00
2015.04.17 20:34:45.794,0.73159,0.73195,1.00,1.00
2015.04.17 20:34:47.173,0.73159,0.73193,1.00,1.00
2015.04.17 20:34:47.323,0.73159,0.73203,1.00,1.00
2015.04.17 20:34:47.474,0.73159,0.73209,1.00,1.00
2015.04.17 20:34:47.613,0.73159,0.73191,1.00,1.00
2015.04.17 20:34:48.052,0.73159,0.73193,1.00,1.00
2015.04.17 20:34:48.272,0.73159,0.73197,1.00,1.00
2015.04.17 20:34:48.423,0.73154,0.73197,1.00,1.00
2015.04.17 20:34:48.602,0.73154,0.73194,1.00,1.00
2015.04.17 20:34:49.281,0.73159,0.73194,1.00,1.00
2015.04.17 20:34:50.142,0.73159,0.73198,1.00,1.00
2015.04.17 20:34:50.374,0.73155,0.73198,1.00,1.00
2015.04.17 20:34:51.583,0.73154,0.73198,1.00,1.00
2015.04.17 20:35:02.803,0.73155,0.73198,1.00,1.00
2015.04.17 20:35:03.463,0.73154,0.73198,1.00,1.00
2015.04.17 20:35:11.275,0.73155,0.73198,1.00,1.00
2015.04.17 20:35:12.046,0.73154,0.73198,1.00,1.00
2015.04.17 20:35:14.135,0.73159,0.73198,1.00,1.00
2015.04.17 20:35:14.682,0.73154,0.73198,1.00,1.00
2015.04.17 20:35:18.433,0.73155,0.73198,1.00,1.00
2015.04.17 20:35:20.846,0.73154,0.73198,1.00,1.00
2015.04.17 20:35:22.604,0.73154,0.73197,1.00,1.00
2015.04.17 20:35:22.825,0.7315,0.73197,1.00,1.00
2015.04.17 20:35:22.935,0.73155,0.73197,1.00,1.00
2015.04.17 20:35:23.044,0.73144,0.73197,1.00,1.00
2015.04.17 20:35:24.729,0.73144,0.73199,1.00,1.00
2015.04.17 20:35:26.238,0.73154,0.73199,1.00,1.00
2015.04.17 20:35:28.325,0.7316,0.73199,1.00,1.00
2015.04.17 20:35:28.655,0.73154,0.73199,1.00,1.00
2015.04.17 20:35:30.085,0.73159,0.73199,1.00,1.00
2015.04.17 20:35:30.186,0.73159,0.73202,1.00,1.00
2015.04.17 20:35:30.970,0.7315,0.73202,1.00,1.00
2015.04.17 20:35:31.902,0.73149,0.73202,1.00,1.00
2015.04.17 20:35:33.181,0.73149,0.732,1.00,1.00
2015.04.17 20:35:33.709,0.73149,0.73198,1.00,1.00
2015.04.17 20:35:34.184,0.73149,0.732,1.00,1.00
2015.04.17 20:35:34.290,0.73149,0.73202,1.00,1.00
2015.04.17 20:35:34.871,0.73149,0.73201,1.00,1.00
2015.04.17 20:35:37.246,0.7316,0.73201,1.00,1.00
2015.04.17 20:35:37.848,0.7316,0.732,1.00,1.00
2015.04.17 20:35:38.584,0.7315,0.732,1.00,1.00
2015.04.17 20:35:39.118,0.73149,0.73204,1.00,1.00
2015.04.17 20:35:50.213,0.7315,0.73204,1.00,1.00
2015.04.17 20:36:07.374,0.73149,0.73204,1.00,1.00
2015.04.17 20:36:18.373,0.73145,0.73204,1.00,1.00
2015.04.17 20:36:19.913,0.73149,0.73204,1.00,1.00
2015.04.17 20:36:22.138,0.73149,0.73202,1.00,1.00
2015.04.17 20:36:23.089,0.73149,0.73201,1.00,1.00
2015.04.17 20:36:23.322,0.73145,0.73201,1.00,1.00
2015.04.17 20:36:23.541,0.7314,0.73201,1.00,1.00
2015.04.17 20:36:23.730,0.7314,0.73197,1.00,1.00
2015.04.17 20:36:25.149,0.7314,0.73205,1.00,1.00
2015.04.17 20:36:25.841,0.7314,0.73203,1.00,1.00
2015.04.17 20:36:26.652,0.7314,0.73204,1.00,1.00
2015.04.17 20:36:28.051,0.7314,0.73202,1.00,1.00
2015.04.17 20:36:28.397,0.73139,0.73176,1.00,1.00
2015.04.17 20:36:31.901,0.73139,0.73178,1.00,1.00
2015.04.17 20:36:32.152,0.73144,0.73178,1.00,1.00
2015.04.17 20:36:33.577,0.73144,0.73177,1.00,1.00
2015.04.17 20:36:38.714,0.73144,0.73193,1.00,1.00
2015.04.17 20:36:38.820,0.73144,0.73191,1.00,1.00
2015.04.17 20:36:46.632,0.73144,0.73199,1.00,1.00
2015.04.17 20:36:46.764,0.73144,0.73204,1.00,1.00
2015.04.17 20:36:47.523,0.73139,0.73204,1.00,1.00
2015.04.17 20:36:50.494,0.73144,0.73204,1.00,1.00
2015.04.17 20:36:52.801,0.73139,0.73204,1.00,1.00
2015.04.17 20:36:53.575,0.73149,0.73204,1.00,1.00
2015.04.17 20:37:04.791,0.7315,0.73204,1.00,1.00
2015.04.17 20:37:05.668,0.7315,0.73205,1.00,1.50
2015.04.17 20:37:07.875,0.73149,0.73205,1.00,1.00
2015.04.17 20:37:10.512,0.73155,0.73205,1.00,1.00
2015.04.17 20:37:12.107,0.73155,0.73203,1.00,1.00
2015.04.17 20:37:12.408,0.73155,0.73201,1.00,1.00
2015.04.17 20:37:13.480,0.73149,0.73201,1.00,1.00
2015.04.17 20:37:15.243,0.7315,0.73201,1.00,1.00
2015.04.17 20:37:19.468,0.7315,0.73195,1.00,1.00
2015.04.17 20:37:19.656,0.73144,0.73195,1.00,1.00
2015.04.17 20:37:19.756,0.73144,0.73199,1.00,1.00
2015.04.17 20:37:20.130,0.73144,0.73196,1.00,1.00
2015.04.17 20:37:23.678,0.73144,0.73201,1.00,1.00
2015.04.17 20:37:23.729,0.73154,0.73205,1.00,1.00
2015.04.17 20:37:24.279,0.73155,0.73205,1.00,1.00
2015.04.17 20:37:24.494,0.73154,0.73207,1.00,1.00
2015.04.17 20:37:30.481,0.73154,0.73211,1.00,1.00
2015.04.17 20:37:32.844,0.7315,0.73213,1.00,1.00
2015.04.17 20:37:33.111,0.7315,0.73216,1.00,1.00
2015.04.17 20:37:34.933,0.73154,0.73216,1.00,1.50
2015.04.17 20:37:38.121,0.73155,0.73215,1.00,1.00
2015.04.17 20:37:38.669,0.73155,0.73214,1.00,1.00
2015.04.17 20:37:39.550,0.73154,0.73214,1.00,1.00
2015.04.17 20:37:40.323,0.73149,0.73211,1.00,1.00
2015.04.17 20:37:41.641,0.73154,0.73215,1.00,1.00
2015.04.17 20:37:41.973,0.73149,0.73215,1.00,1.00
2015.04.17 20:37:43.510,0.7315,0.73215,1.00,1.00
2015.04.17 20:37:45.383,0.73154,0.73215,1.00,1.00
2015.04.17 20:37:47.803,0.73149,0.73211,1.00,1.00
2015.04.17 20:37:54.295,0.73154,0.73215,1.00,1.00
2015.04.17 20:37:55.396,0.73154,0.73216,1.00,1.00
2015.04.17 20:37:56.132,0.73154,0.73214,1.00,1.00
2015.04.17 20:37:57.590,0.73154,0.73211,1.00,1.00
2015.04.17 20:37:59.793,0.73149,0.73206,1.00,1.00
2015.04.17 20:38:07.929,0.7315,0.73205,1.00,1.00
2015.04.17 20:38:08.670,0.73149,0.73206,1.00,1.00
2015.04.17 20:38:19.594,0.7315,0.73205,1.00,1.00
2015.04.17 20:38:19.920,0.73155,0.7321,1.00,1.00
2015.04.17 20:38:21.570,0.73149,0.73206,1.00,1.00
2015.04.17 20:38:24.980,0.73154,0.73211,1.00,1.00
2015.04.17 20:38:32.151,0.73159,0.73216,1.00,1.00
2015.04.17 20:38:32.790,0.7316,0.73215,1.00,1.00
2015.04.17 20:38:34.111,0.73159,0.73216,1.00,1.00
2015.04.17 20:38:35.772,0.7316,0.73215,1.00,1.00
2015.04.17 20:38:36.419,0.73159,0.73216,1.00,1.00
2015.04.17 20:38:37.111,0.73165,0.7322,1.00,1.00
2015.04.17 20:38:38.071,0.73164,0.73221,1.00,1.00
2015.04.17 20:38:44.780,0.7317,0.7322,1.00,1.00
2015.04.17 20:38:45.332,0.73169,0.73221,1.00,1.00
2015.04.17 20:38:46.872,0.7317,0.7322,1.00,1.00
2015.04.17 20:38:47.091,0.7316,0.73215,1.00,1.00
2015.04.17 20:38:50.279,0.73165,0.7322,1.00,1.00
2015.04.17 20:38:51.601,0.7317,0.7322,1.00,1.00
2015.04.17 20:38:53.581,0.73169,0.73221,1.00,1.00
2015.04.17 20:38:55.449,0.7317,0.7322,1.00,1.00
2015.04.17 20:39:01.059,0.73169,0.73221,1.00,1.00
2015.04.17 20:39:06.132,0.73165,0.7322,1.00,1.00
2015.04.17 20:39:09.309,0.73164,0.73221,1.00,1.00
2015.04.17 20:39:11.839,0.73169,0.73221,1.00,1.00
2015.04.17 20:39:20.639,0.7318,0.73225,1.00,1.00
2015.04.17 20:39:22.731,0.73175,0.7322,1.00,1.00
2015.04.17 20:39:24.826,0.73169,0.73221,1.00,1.00
2015.04.17 20:39:29.549,0.73174,0.73221,1.00,1.00
2015.04.17 20:39:37.801,0.73175,0.7322,1.00,1.00
2015.04.17 20:39:38.130,0.73169,0.73216,1.00,1.00
2015.04.17 20:39:42.859,0.73174,0.73221,1.00,1.00
2015.04.17 20:39:51.350,0.73169,0.73216,1.00,1.00
2015.04.17 20:39:52.132,0.73174,0.73221,1.00,1.00
2015.04.17 20:39:54.423,0.73169,0.73216,1.00,1.00
2015.04.17 20:39:56.310,0.7317,0.73215,1.00,1.00
2015.04.17 20:39:57.049,0.73169,0.73216,1.00,1.00
2015.04.17 20:39:59.806,0.73164,0.73211,1.00,1.00
2015.04.17 20:40:00.479,0.7316,0.73205,1.00,1.00
2015.04.17 20:40:02.439,0.73159,0.73206,1.00,1.00
2015.04.17 20:40:09.369,0.73164,0.73211,1.00,1.50
2015.04.17 20:40:10.374,0.73164,0.7321,1.00,1.00
2015.04.17 20:40:12.131,0.73164,0.73211,1.00,1.00
2015.04.17 20:40:13.679,0.7316,0.73205,1.00,1.00
2015.04.17 20:40:15.312,0.73159,0.73206,1.00,1.00
2015.04.17 20:40:38.348,0.73154,0.73201,1.00,1.00
2015.04.17 20:40:38.665,0.73154,0.73196,1.00,1.00
2015.04.17 20:40:38.715,0.73154,0.73201,1.00,1.50
2015.04.17 20:40:38.816,0.73149,0.73196,1.00,1.00
2015.04.17 20:40:39.317,0.7315,0.73195,1.00,1.00
2015.04.17 20:40:42.530,0.73149,0.73196,1.00,1.00
2015.04.17 20:40:48.731,0.73154,0.73201,1.00,1.00
2015.04.17 20:40:53.090,0.73155,0.732,1.00,1.00
2015.04.17 20:40:53.314,0.73149,0.73196,1.00,1.00
2015.04.17 20:40:53.414,0.73149,0.73193,1.00,1.00
2015.04.17 20:40:53.919,0.73149,0.73194,1.00,1.00
2015.04.17 20:40:56.347,0.73149,0.73196,1.00,2.25
2015.04.17 20:40:58.148,0.73149,0.73201,1.00,1.00
2015.04.17 20:40:59.907,0.7315,0.732,1.00,1.00
2015.04.17 20:41:00.128,0.73154,0.73203,1.00,1.00
2015.04.17 20:41:00.900,0.7315,0.732,1.00,1.00
2015.04.17 20:41:01.562,0.73154,0.73203,1.00,1.00
2015.04.17 20:41:01.956,0.73154,0.73206,1.00,1.50
2015.04.17 20:41:02.771,0.73155,0.73205,1.00,1.00
2015.04.17 20:41:03.320,0.73149,0.73206,1.00,1.50
2015.04.17 20:41:03.370,0.73149,0.73202,1.00,1.00
2015.04.17 20:41:04.167,0.73149,0.73198,1.00,1.00
2015.04.17 20:41:04.268,0.73149,0.73202,1.00,1.00
2015.04.17 20:41:09.590,0.73144,0.73201,1.00,1.00
2015.04.17 20:41:13.108,0.73149,0.73203,1.00,1.00
2015.04.17 20:41:15.309,0.73144,0.73201,1.00,1.00
2015.04.17 20:41:18.182,0.73144,0.732,1.00,1.00
2015.04.17 20:41:19.216,0.73144,0.73201,1.00,1.00
2015.04.17 20:41:35.107,0.73145,0.732,1.00,1.00
2015.04.17 20:41:37.649,0.73149,0.73202,1.00,1.00
2015.04.17 20:41:37.768,0.73145,0.732,1.00,1.00
2015.04.17 20:41:39.728,0.73144,0.73201,1.00,1.00
2015.04.17 20:41:40.936,0.73149,0.73202,1.00,1.00
2015.04.17 20:41:42.018,0.73149,0.73203,1.00,1.00
2015.04.17 20:41:42.118,0.73149,0.73206,1.00,1.50
2015.04.17 20:41:42.628,0.73149,0.73192,1.00,1.00
2015.04.17 20:41:44.073,0.73149,0.73203,1.00,1.00
2015.04.17 20:41:44.632,0.73149,0.73202,1.00,1.00
2015.04.17 20:41:45.345,0.73145,0.732,1.00,1.00
2015.04.17 20:41:46.330,0.73144,0.73201,1.00,1.50
2015.04.17 20:41:47.316,0.73145,0.73195,1.00,1.00
2015.04.17 20:41:47.537,0.73145,0.732,1.00,1.00
2015.04.17 20:41:48.087,0.73145,0.73195,1.00,1.00
2015.04.17 20:41:48.307,0.73144,0.73201,1.00,1.50
2015.04.17 20:42:00.956,0.73145,0.732,1.00,1.00
2015.04.17 20:42:01.635,0.73144,0.73201,1.00,1.00
2015.04.17 20:42:31.474,0.73144,0.73198,1.00,1.00
2015.04.17 20:42:33.145,0.73144,0.73201,1.00,1.50
2015.04.17 20:42:33.608,0.73144,0.73197,1.00,1.00
2015.04.17 20:42:34.618,0.73145,0.73197,1.00,1.00
2015.04.17 20:42:34.729,0.7314,0.73195,1.00,1.00
2015.04.17 20:42:35.407,0.73139,0.73196,1.00,1.00
2015.04.17 20:42:37.803,0.73134,0.73191,1.00,1.00
2015.04.17 20:42:38.135,0.73139,0.73196,1.00,1.00
2015.04.17 20:42:38.715,0.73144,0.73201,1.00,1.00
2015.04.17 20:42:39.126,0.7314,0.73195,1.00,1.00
2015.04.17 20:42:47.377,0.73139,0.73196,1.00,1.00
2015.04.17 20:43:00.136,0.7314,0.73195,1.00,1.00
2015.04.17 20:43:00.905,0.73134,0.73191,1.00,1.00
2015.04.17 20:43:05.085,0.7313,0.73185,1.00,1.00
2015.04.17 20:43:05.655,0.73129,0.73186,1.00,1.00
2015.04.17 20:43:07.648,0.73124,0.73181,1.00,1.00
2015.04.17 20:43:09.375,0.7313,0.73182,1.00,1.00
2015.04.17 20:43:10.101,0.7313,0.73185,1.00,1.00
2015.04.17 20:43:10.152,0.73139,0.73196,1.00,1.50
2015.04.17 20:43:10.256,0.73145,0.73197,1.00,1.00
2015.04.17 20:43:10.306,0.73145,0.732,1.00,1.50
2015.04.17 20:43:10.407,0.73139,0.73201,1.00,1.50
2015.04.17 20:43:15.045,0.73139,0.73199,1.00,1.00
2015.04.17 20:43:15.968,0.73135,0.7319,1.00,1.00
2015.04.17 20:43:16.609,0.73135,0.73186,1.00,1.00
2015.04.17 20:43:18.013,0.73134,0.73186,1.00,1.00
2015.04.17 20:43:18.164,0.73134,0.73191,1.00,1.00
2015.04.17 20:43:19.052,0.73134,0.73182,1.00,1.00
2015.04.17 20:43:19.103,0.73124,0.73181,1.00,1.00
2015.04.17 20:43:20.155,0.73125,0.7318,1.00,1.00
2015.04.17 20:43:20.485,0.73129,0.73183,1.00,1.00
2015.04.17 20:43:21.625,0.73129,0.73182,1.00,1.00
2015.04.17 20:43:29.443,0.73129,0.73183,1.00,1.00
2015.04.17 20:43:29.594,0.73135,0.7319,1.00,1.00
2015.04.17 20:43:29.957,0.73139,0.73194,1.00,1.00
2015.04.17 20:43:32.071,0.73139,0.73191,1.00,1.00
2015.04.17 20:43:32.255,0.73129,0.73186,1.00,1.00
2015.04.17 20:43:49.841,0.7313,0.73185,1.00,1.00
2015.04.17 20:43:50.137,0.73129,0.73181,1.00,1.00
2015.04.17 20:43:50.390,0.73129,0.73186,1.00,1.00
2015.04.17 20:43:57.066,0.7313,0.73185,1.00,1.00
2015.04.17 20:43:58.055,0.73125,0.7318,1.00,1.00
2015.04.17 20:43:58.645,0.73125,0.73175,1.00,1.00
2015.04.17 20:44:01.733,0.73129,0.73181,1.00,1.00
2015.04.17 20:44:03.151,0.73134,0.73186,1.00,1.00
2015.04.17 20:44:03.775,0.73135,0.73186,1.00,1.00
2015.04.17 20:44:04.537,0.73134,0.73186,1.00,1.00
2015.04.17 20:44:06.007,0.73134,0.73187,1.00,1.00
2015.04.17 20:44:06.057,0.73134,0.7319,1.00,1.00
2015.04.17 20:44:06.627,0.73134,0.73187,1.00,1.00
2015.04.17 20:44:17.306,0.73135,0.73187,1.00,1.00
2015.04.17 20:44:22.037,0.73134,0.73187,1.00,1.00
2015.04.17 20:44:30.284,0.73134,0.73186,1.00,1.00
2015.04.17 20:44:34.356,0.73135,0.73185,1.00,1.00
2015.04.17 20:44:35.014,0.73129,0.73181,1.00,1.00
2015.04.17 20:44:35.166,0.73134,0.73186,1.00,1.00
2015.04.17 20:44:37.654,0.73135,0.73185,1.00,1.00
2015.04.17 20:44:38.206,0.7313,0.7318,1.00,1.00
2015.04.17 20:44:41.504,0.73129,0.73181,1.00,1.00
2015.04.17 20:44:47.118,0.7313,0.73185,1.00,1.00
2015.04.17 20:44:48.324,0.73129,0.73181,1.00,1.00
2015.04.17 20:44:48.545,0.73129,0.73186,1.00,1.50
2015.04.17 20:44:51.294,0.7313,0.7318,1.00,1.00
2015.04.17 20:44:52.835,0.73124,0.73176,1.00,1.00
2015.04.17 20:44:53.635,0.73125,0.73175,1.00,1.00
2015.04.17 20:44:53.738,0.73129,0.73181,1.00,1.00
2015.04.17 20:44:54.064,0.73129,0.73186,1.00,1.00
2015.04.17 20:44:54.263,0.73129,0.73181,1.00,1.00
2015.04.17 20:44:54.597,0.73134,0.73186,1.00,1.00
2015.04.17 20:44:59.983,0.73129,0.73181,1.00,1.00
2015.04.17 20:45:00.426,0.73124,0.73188,1.00,1.00
2015.04.17 20:45:00.783,0.73124,0.73191,1.00,1.50
2015.04.17 20:45:03.945,0.73125,0.7319,1.00,1.00
2015.04.17 20:45:08.234,0.73124,0.73191,1.00,1.50
2015.04.17 20:45:11.916,0.73124,0.7319,1.00,1.00
2015.04.17 20:45:15.394,0.73119,0.73187,1.00,1.00
2015.04.17 20:45:15.457,0.73115,0.73187,1.00,1.00
2015.04.17 20:45:16.100,0.73116,0.73187,1.00,1.00
2015.04.17 20:45:16.223,0.73114,0.73187,1.00,1.00
2015.04.17 20:45:16.740,0.73115,0.73187,1.00,1.00
2015.04.17 20:45:16.791,0.73115,0.73184,1.00,1.00
2015.04.17 20:45:17.587,0.7312,0.73184,1.00,1.00
2015.04.17 20:45:17.921,0.73109,0.73185,1.00,1.00
2015.04.17 20:45:18.072,0.73109,0.73181,1.00,1.00
2015.04.17 20:45:18.173,0.73107,0.73181,1.00,1.00
2015.04.17 20:45:18.392,0.73107,0.73179,1.00,1.00
2015.04.17 20:45:18.774,0.73107,0.73181,1.00,1.00
2015.04.17 20:45:19.415,0.73106,0.73181,1.00,1.00
2015.04.17 20:45:20.041,0.73107,0.73179,1.00,1.00
2015.04.17 20:45:20.551,0.73109,0.73179,1.00,1.00
2015.04.17 20:45:22.315,0.73109,0.73181,1.00,1.00
2015.04.17 20:45:22.816,0.73109,0.7318,1.00,1.00
2015.04.17 20:45:24.744,0.73106,0.7318,1.00,1.00
2015.04.17 20:45:30.557,0.73106,0.73181,1.00,1.00
2015.04.17 20:45:30.708,0.73105,0.73184,1.00,1.00
2015.04.17 20:45:30.759,0.7311,0.73187,1.00,1.00
2015.04.17 20:45:30.859,0.7311,0.73192,1.00,1.00
2015.04.17 20:45:30.964,0.73108,0.73192,1.00,1.00
2015.04.17 20:45:31.064,0.73109,0.73194,1.00,1.00
2015.04.17 20:45:31.376,0.73112,0.73198,1.00,1.00
2015.04.17 20:45:33.061,0.73109,0.73195,1.00,1.00
2015.04.17 20:45:33.963,0.73121,0.73208,1.00,1.00
2015.04.17 20:45:34.079,0.73113,0.73199,1.00,1.00
2015.04.17 20:45:35.000,0.73108,0.73194,1.00,1.00
2015.04.17 20:45:35.348,0.73107,0.73188,1.00,1.00
2015.04.17 20:45:35.935,0.73109,0.73188,1.00,1.00
2015.04.17 20:45:36.244,0.73105,0.73188,1.00,1.00
2015.04.17 20:45:37.123,0.73104,0.73188,1.50,1.00
2015.04.17 20:45:39.763,0.73102,0.73188,1.00,1.00
2015.04.17 20:45:40.022,0.73105,0.73188,1.00,1.00
2015.04.17 20:45:40.355,0.731,0.73186,1.50,1.00
2015.04.17 20:45:40.414,0.73103,0.73187,1.00,1.00
2015.04.17 20:45:41.233,0.73104,0.73187,1.00,1.00
2015.04.17 20:45:41.416,0.73104,0.73189,1.00,1.00
2015.04.17 20:45:42.152,0.73104,0.73188,1.00,1.00
2015.04.17 20:45:42.203,0.73106,0.73188,1.00,1.00
2015.04.17 20:45:43.702,0.73106,0.73189,1.00,1.00
2015.04.17 20:45:44.509,0.73104,0.73189,1.00,1.00
2015.04.17 20:45:46.811,0.73105,0.73189,1.00,1.00
2015.04.17 20:45:48.566,0.73108,0.73189,1.00,1.00
2015.04.17 20:45:49.223,0.73104,0.73189,1.00,1.00
2015.04.17 20:45:49.727,0.73107,0.73191,1.00,1.00
2015.04.17 20:45:49.975,0.73104,0.73189,1.00,1.00
2015.04.17 20:45:50.027,0.73106,0.73192,1.00,1.00
2015.04.17 20:45:50.965,0.73104,0.73187,1.00,1.00
2015.04.17 20:45:51.241,0.73107,0.73191,1.00,1.00
2015.04.17 20:45:53.952,0.73106,0.73191,1.00,1.00
2015.04.17 20:45:55.643,0.73114,0.73191,1.00,1.00
2015.04.17 20:45:55.790,0.73114,0.73195,1.00,1.00
2015.04.17 20:45:55.891,0.73114,0.73193,1.00,1.00
2015.04.17 20:45:55.991,0.73114,0.73195,1.00,1.00
2015.04.17 20:45:57.145,0.73114,0.73192,1.00,1.00
2015.04.17 20:45:57.246,0.73114,0.73194,1.00,1.00
2015.04.17 20:45:57.457,0.73114,0.73196,1.00,1.00
2015.04.17 20:45:58.701,0.73115,0.73196,1.00,1.00
2015.04.17 20:46:00.150,0.73115,0.73193,1.00,1.00
2015.04.17 20:46:00.250,0.73115,0.73195,1.00,1.00
2015.04.17 20:46:01.033,0.73111,0.73195,1.00,1.00
2015.04.17 20:46:01.153,0.73109,0.73194,1.00,1.00
2015.04.17 20:46:01.372,0.73104,0.73191,2.25,1.00
2015.04.17 20:46:01.473,0.73108,0.73193,1.00,1.00
2015.04.17 20:46:02.390,0.73109,0.73193,1.00,1.00
2015.04.17 20:46:02.802,0.73107,0.73192,1.00,1.00
2015.04.17 20:46:08.061,0.73109,0.73193,1.00,1.00
2015.04.17 20:46:12.803,0.73114,0.73193,1.00,1.00
2015.04.17 20:46:13.168,0.73114,0.73195,1.00,1.00
2015.04.17 20:46:13.243,0.7311,0.73195,1.00,1.00
2015.04.17 20:46:18.085,0.7311,0.73193,1.00,1.00
2015.04.17 20:46:19.522,0.73109,0.73193,1.00,1.00
2015.04.17 20:46:26.898,0.73109,0.73192,1.50,1.00
2015.04.17 20:46:32.723,0.73109,0.73191,1.00,1.00
2015.04.17 20:47:00.392,0.73109,0.73193,1.00,1.00
2015.04.17 20:47:03.070,0.73107,0.73193,1.00,1.00
2015.04.17 20:47:03.121,0.73106,0.73189,1.00,1.00
2015.04.17 20:47:04.097,0.73109,0.73194,1.00,1.00
2015.04.17 20:47:04.523,0.73109,0.73186,1.00,1.00
2015.04.17 20:47:06.076,0.73109,0.73194,1.00,1.00
2015.04.17 20:47:06.127,0.73107,0.73192,1.00,1.00
2015.04.17 20:47:06.733,0.73109,0.73194,1.00,1.00
2015.04.17 20:47:07.100,0.73104,0.73184,1.00,1.00
2015.04.17 20:47:09.010,0.73108,0.73187,1.00,1.00
2015.04.17 20:47:09.131,0.73108,0.73191,1.00,1.00
2015.04.17 20:47:09.411,0.7311,0.73193,1.00,1.00
2015.04.17 20:47:10.053,0.73109,0.73182,1.00,1.00
2015.04.17 20:47:10.125,0.73109,0.73184,1.00,1.00
2015.04.17 20:47:10.325,0.73109,0.73193,1.00,1.00
2015.04.17 20:47:10.612,0.73107,0.73193,1.00,1.00
2015.04.17 20:47:10.662,0.7311,0.73196,1.00,1.50
2015.04.17 20:47:10.976,0.7311,0.73193,1.00,1.00
2015.04.17 20:47:12.027,0.7311,0.73188,1.00,1.00
2015.04.17 20:47:13.186,0.73109,0.73188,1.00,1.00
2015.04.17 20:47:22.163,0.7311,0.73188,1.00,1.00
2015.04.17 20:47:24.474,0.73105,0.73188,1.00,1.00
2015.04.17 20:47:24.585,0.7311,0.73188,1.00,1.00
2015.04.17 20:47:24.695,0.73104,0.73188,1.00,1.00
2015.04.17 20:47:35.363,0.73109,0.73188,1.00,1.00
2015.04.17 20:47:37.451,0.73109,0.73186,1.00,1.00
2015.04.17 20:47:45.373,0.73104,0.73186,1.00,1.00
2015.04.17 20:47:53.047,0.73104,0.73183,1.00,1.00
2015.04.17 20:47:53.384,0.73106,0.73191,1.00,1.00
2015.04.17 20:47:53.484,0.73109,0.73192,1.00,1.00
2015.04.17 20:47:55.290,0.73105,0.73191,1.00,1.00
2015.04.17 20:47:55.824,0.73109,0.73191,1.00,1.00
2015.04.17 20:47:56.169,0.73109,0.73187,1.00,1.00
2015.04.17 20:47:56.526,0.7311,0.73184,1.00,1.00
2015.04.17 20:47:56.591,0.73105,0.73184,1.00,1.00
2015.04.17 20:47:57.030,0.73109,0.73184,1.00,1.00
2015.04.17 20:47:57.581,0.73104,0.73184,1.00,1.00
2015.04.17 20:48:06.053,0.73105,0.73184,1.00,1.00
2015.04.17 20:48:09.790,0.73104,0.73184,1.00,1.00
2015.04.17 20:48:11.159,0.7311,0.73193,1.00,1.00
2015.04.17 20:48:11.260,0.73112,0.73197,1.00,1.00
2015.04.17 20:48:11.760,0.73125,0.73198,1.00,1.00
2015.04.17 20:48:12.412,0.73125,0.73199,1.00,1.00
2015.04.17 20:48:13.711,0.73125,0.73198,1.00,1.00
2015.04.17 20:48:18.531,0.73125,0.73193,1.00,1.00
2015.04.17 20:48:18.582,0.73115,0.73193,1.00,1.00
2015.04.17 20:48:18.632,0.73115,0.73189,1.00,1.00
2015.04.17 20:48:26.211,0.73115,0.7319,1.00,1.00
2015.04.17 20:48:26.950,0.73114,0.7319,1.00,1.00
2015.04.17 20:48:30.291,0.73114,0.73187,1.00,1.00
2015.04.17 20:48:30.843,0.73115,0.73187,1.00,1.00
2015.04.17 20:48:37.068,0.73115,0.73188,1.00,1.00
2015.04.17 20:48:38.069,0.73115,0.73191,1.00,1.00
2015.04.17 20:48:38.371,0.73115,0.73177,1.00,1.00
2015.04.17 20:48:40.072,0.73115,0.73188,1.00,1.00
2015.04.17 20:48:41.027,0.73115,0.73192,1.00,1.00
2015.04.17 20:48:43.079,0.73115,0.73189,1.00,1.00
2015.04.17 20:48:46.083,0.73115,0.73183,1.00,1.00
2015.04.17 20:48:57.421,0.73114,0.73183,1.00,1.00
2015.04.17 20:48:58.961,0.7311,0.73183,1.00,1.00
2015.04.17 20:49:00.722,0.73115,0.73183,1.00,1.00
2015.04.17 20:49:04.766,0.73115,0.73182,1.00,1.00
2015.04.17 20:49:10.071,0.73109,0.73182,1.00,1.00
2015.04.17 20:49:10.434,0.73109,0.7318,1.00,1.00
2015.04.17 20:49:11.391,0.73104,0.7318,1.00,1.00
2015.04.17 20:49:21.841,0.7311,0.7318,1.00,1.00
2015.04.17 20:49:26.070,0.7311,0.73182,1.00,1.00
2015.04.17 20:49:26.436,0.7311,0.73185,1.00,1.00
2015.04.17 20:49:27.010,0.73109,0.73185,1.00,1.00
2015.04.17 20:49:27.066,0.73109,0.73174,1.00,1.00
2015.04.17 20:49:27.275,0.73109,0.73184,1.00,1.00
2015.04.17 20:49:29.100,0.73109,0.73179,1.00,1.00
2015.04.17 20:49:29.760,0.7311,0.73179,1.00,1.00
2015.04.17 20:49:30.312,0.73109,0.73179,1.00,1.00
2015.04.17 20:49:30.413,0.73109,0.73181,1.00,1.00
2015.04.17 20:49:30.642,0.73115,0.73181,1.00,1.00
2015.04.17 20:49:31.851,0.73114,0.73181,1.00,1.00
2015.04.17 20:49:31.902,0.73114,0.73184,1.00,1.00
2015.04.17 20:49:34.492,0.73109,0.73184,1.00,1.00
2015.04.17 20:49:35.790,0.73109,0.73191,1.00,1.50
2015.04.17 20:49:50.111,0.73114,0.73191,1.00,1.00
2015.04.17 20:49:59.350,0.73109,0.73191,1.00,1.00
2015.04.17 20:50:09.179,0.73109,0.73194,1.00,1.00
2015.04.17 20:50:10.007,0.73109,0.73183,1.00,1.00
2015.04.17 20:50:10.312,0.73109,0.73192,1.00,1.00
2015.04.17 20:50:10.407,0.73109,0.73194,1.00,1.00
2015.04.17 20:50:11.108,0.73109,0.73197,1.00,1.00
2015.04.17 20:50:11.159,0.73094,0.73197,1.00,1.00
2015.04.17 20:50:11.209,0.73094,0.73193,1.00,1.00
2015.04.17 20:50:11.360,0.73082,0.73193,1.00,1.00
2015.04.17 20:50:11.411,0.73087,0.73195,1.00,1.00
2015.04.17 20:50:12.010,0.73079,0.7319,1.00,1.00
2015.04.17 20:50:12.412,0.73077,0.73188,1.00,1.00
2015.04.17 20:50:15.256,0.73073,0.73182,1.00,1.00
2015.04.17 20:50:15.726,0.73075,0.73185,1.00,1.00
2015.04.17 20:50:15.827,0.73077,0.73187,1.00,1.00
2015.04.17 20:50:17.062,0.73075,0.73184,1.00,1.00
2015.04.17 20:50:17.130,0.73077,0.73188,1.00,1.00
2015.04.17 20:50:35.051,0.73077,0.73186,1.00,1.00
2015.04.17 20:50:35.355,0.73079,0.73186,1.00,1.00
2015.04.17 20:50:35.972,0.73076,0.73186,1.00,1.00
2015.04.17 20:50:36.511,0.73077,0.73186,1.00,1.00
2015.04.17 20:50:47.331,0.73058,0.73168,1.00,1.00
2015.04.17 20:50:47.732,0.73062,0.7317,1.00,1.00
2015.04.17 20:50:49.440,0.73062,0.73173,1.00,1.00
2015.04.17 20:50:49.540,0.73061,0.73169,1.00,1.00
2015.04.17 20:50:52.054,0.73062,0.73173,1.00,1.00
2015.04.17 20:50:52.361,0.73064,0.73175,1.00,1.00
2015.04.17 20:50:53.257,0.73061,0.73171,1.00,1.00
2015.04.17 20:50:53.357,0.73069,0.7318,1.00,1.00
2015.04.17 20:50:53.558,0.73071,0.73182,1.00,1.00
2015.04.17 20:50:54.098,0.73073,0.73184,1.00,1.00
2015.04.17 20:50:54.619,0.73072,0.73183,1.00,1.00
2015.04.17 20:50:55.109,0.73057,0.73168,1.00,1.00
2015.04.17 20:50:55.433,0.73061,0.7317,1.00,1.00
2015.04.17 20:50:55.484,0.73055,0.73167,1.00,1.00
2015.04.17 20:50:58.829,0.73056,0.73167,1.00,1.00
2015.04.17 20:50:59.340,0.73057,0.73168,1.00,1.00
2015.04.17 20:51:02.097,0.7306,0.73171,1.00,1.00
2015.04.17 20:51:02.398,0.73058,0.73169,1.00,1.00
2015.04.17 20:51:02.919,0.73059,0.73168,1.00,1.00
2015.04.17 20:51:03.397,0.7306,0.73171,1.00,1.00
2015.04.17 20:51:03.497,0.73058,0.73169,1.00,1.00
2015.04.17 20:51:04.449,0.73063,0.73174,1.00,1.00
2015.04.17 20:51:04.901,0.73061,0.73172,1.00,1.00
2015.04.17 20:51:11.200,0.73065,0.73174,1.00,1.00
2015.04.17 20:51:17.439,0.73063,0.73172,1.00,1.00
2015.04.17 20:51:20.242,0.73067,0.73175,1.00,1.00
2015.04.17 20:51:20.293,0.73067,0.73178,1.00,1.00
2015.04.17 20:51:21.217,0.73063,0.73179,1.00,1.00
2015.04.17 20:51:21.317,0.73065,0.73181,1.00,1.00
2015.04.17 20:51:22.341,0.73065,0.7318,1.00,1.00
2015.04.17 20:51:22.671,0.73064,0.73178,1.00,1.00
2015.04.17 20:51:24.083,0.73065,0.73185,1.00,1.00
2015.04.17 20:51:27.145,0.73061,0.73182,1.00,1.00
2015.04.17 20:51:27.345,0.73032,0.73192,1.00,1.00
2015.04.17 20:51:27.721,0.72925,0.73192,0.75,1.00
2015.04.17 20:51:27.872,0.72953,0.73192,0.75,1.00
2015.04.17 20:51:28.222,0.73009,0.73191,1.00,1.00
2015.04.17 20:51:28.725,0.72939,0.73191,1.00,1.00
2015.04.17 20:51:28.830,0.72974,0.73191,1.00,1.00
2015.04.17 20:51:29.013,0.7304,0.73259,0.75,1.00
2015.04.17 20:51:29.063,0.73048,0.73259,0.75,1.00
2015.04.17 20:51:29.164,0.72987,0.7326,1.94,1.00
2015.04.17 20:51:29.270,0.72998,0.73286,1.00,2.00
2015.04.17 20:51:29.428,0.73063,0.73286,1.00,2.62
2015.04.17 20:51:29.530,0.73064,0.73291,1.00,1.92
2015.04.17 20:51:29.732,0.72993,0.73292,1.65,1.03
2015.04.17 20:51:29.933,0.72995,0.73276,1.70,1.62
2015.04.17 20:51:30.034,0.73008,0.73292,1.82,1.93
2015.04.17 20:51:30.137,0.73046,0.73292,1.00,1.93
2015.04.17 20:51:30.319,0.73046,0.73294,1.00,1.43
2015.04.17 20:51:30.428,0.73063,0.73295,1.00,1.41
2015.04.17 20:51:31.019,0.73064,0.73231,1.00,1.00
2015.04.17 20:51:32.731,0.73001,0.73232,1.99,1.00
2015.04.17 20:51:32.841,0.73033,0.73232,1.71,1.00
2015.04.17 20:51:33.148,0.73014,0.73232,1.42,1.00
2015.04.17 20:51:33.226,0.73027,0.73232,1.87,1.00
2015.04.17 20:51:33.568,0.73031,0.73232,1.09,1.00
2015.04.17 20:51:34.378,0.73038,0.73232,1.23,1.00
2015.04.17 20:51:34.931,0.73038,0.73231,1.63,1.00
2015.04.17 20:51:35.060,0.73038,0.7332,1.75,1.44
2015.04.17 20:51:35.132,0.73058,0.73347,1.82,1.70
2015.04.17 20:51:35.533,0.73045,0.73365,2.14,1.68
2015.04.17 20:51:35.663,0.73066,0.7333,1.00,1.00
2015.04.17 20:51:36.067,0.73066,0.73328,1.00,1.70
2015.04.17 20:51:36.118,0.7305,0.73315,1.00,1.00
2015.04.17 20:51:36.359,0.7305,0.73247,1.00,1.00
2015.04.17 20:51:36.696,0.73111,0.73233,0.75,1.00
2015.04.17 20:51:37.008,0.73114,0.73236,0.75,1.00
2015.04.17 20:51:37.444,0.73111,0.73231,0.75,0.75
2015.04.17 20:51:38.131,0.73103,0.73224,0.75,1.00
2015.04.17 20:51:38.602,0.7309,0.73211,1.00,0.75
2015.04.17 20:51:38.888,0.73058,0.73299,1.00,1.99
2015.04.17 20:51:39.097,0.73058,0.73217,1.00,1.00
2015.04.17 20:51:40.367,0.73072,0.73217,1.00,1.00
2015.04.17 20:51:40.587,0.73058,0.73217,1.00,1.00
2015.04.17 20:51:44.657,0.73071,0.73217,1.00,1.00
2015.04.17 20:51:44.907,0.73058,0.73217,1.00,1.00
2015.04.17 20:51:47.216,0.73024,0.73216,1.00,1.00
2015.04.17 20:51:47.677,0.73063,0.73217,1.00,1.00
2015.04.17 20:51:48.021,0.73002,0.73217,1.00,1.00
2015.04.17 20:51:48.526,0.73063,0.73217,1.00,1.00
2015.04.17 20:51:51.392,0.73018,0.73216,1.00,1.00
2015.04.17 20:51:51.693,0.73026,0.73217,2.29,1.00
2015.04.17 20:51:52.040,0.73093,0.73217,1.00,1.00
2015.04.17 20:51:52.369,0.731,0.73217,1.00,1.00
2015.04.17 20:51:54.103,0.73106,0.73216,1.00,1.00
2015.04.17 20:51:54.404,0.73102,0.73216,1.00,1.00
2015.04.17 20:51:54.506,0.73093,0.73215,1.00,1.00
2015.04.17 20:51:54.607,0.73107,0.73215,1.00,1.00
2015.04.17 20:51:54.908,0.73107,0.73217,1.00,1.00
2015.04.17 20:51:56.809,0.73118,0.73216,1.00,1.00
2015.04.17 20:52:08.779,0.73107,0.73217,1.00,1.00
2015.04.17 20:52:11.168,0.73106,0.73217,1.00,1.00
2015.04.17 20:52:11.751,0.73104,0.73217,1.50,1.00
2015.04.17 20:52:12.278,0.73105,0.73217,1.00,1.00
2015.04.17 20:52:12.754,0.73108,0.73217,1.00,1.00
2015.04.17 20:52:13.197,0.73024,0.73217,1.00,1.00
2015.04.17 20:52:13.426,0.7306,0.73217,0.75,1.00
2015.04.17 20:52:13.729,0.73102,0.73216,1.00,1.00
2015.04.17 20:52:14.057,0.73104,0.73216,1.00,1.00
2015.04.17 20:52:14.468,0.73108,0.73217,1.00,1.00
2015.04.17 20:52:17.777,0.73106,0.73216,1.00,1.00
2015.04.17 20:52:18.078,0.73105,0.73313,1.00,0.75
2015.04.17 20:52:18.680,0.73105,0.73247,1.00,1.00
2015.04.17 20:52:19.081,0.73108,0.73247,1.00,1.00
2015.04.17 20:52:19.182,0.73016,0.73246,1.00,1.00
2015.04.17 20:52:20.186,0.73073,0.73247,1.00,1.00
2015.04.17 20:52:21.187,0.73016,0.73247,1.00,1.00
2015.04.17 20:52:21.688,0.73064,0.73246,1.00,1.00
2015.04.17 20:52:22.087,0.73063,0.73222,1.00,1.00
2015.04.17 20:52:23.190,0.73016,0.73221,1.00,1.00
2015.04.17 20:52:23.692,0.73068,0.73222,1.00,1.00
2015.04.17 20:53:00.088,0.73068,0.73365,1.00,1.00
2015.04.17 20:53:00.589,0.73068,0.73257,1.00,1.00
2015.04.17 20:53:00.990,0.72998,0.73358,1.00,1.00
2015.04.17 20:53:01.091,0.73013,0.73358,1.00,1.00
2015.04.17 20:53:01.437,0.73024,0.73295,1.00,0.75
2015.04.17 20:53:01.492,0.73013,0.73295,1.00,0.75
2015.04.17 20:53:01.593,0.73014,0.73236,1.00,1.00
2015.04.17 20:53:01.994,0.73053,0.73237,1.00,1.00
2015.04.17 20:53:02.097,0.73026,0.73236,1.00,1.00
2015.04.17 20:53:02.595,0.73053,0.73237,1.00,1.00
2015.04.17 20:53:03.086,0.73077,0.73199,1.00,1.00
2015.04.17 20:53:03.732,0.73081,0.73202,1.00,0.75
2015.04.17 20:53:04.366,0.73079,0.73199,1.00,1.00
2015.04.17 20:53:04.809,0.73082,0.73201,1.00,1.00
2015.04.17 20:53:05.189,0.73079,0.73201,1.00,1.00
2015.04.17 20:53:06.191,0.73075,0.73197,1.00,1.00
2015.04.17 20:53:06.492,0.73068,0.73187,0.75,0.75
2015.04.17 20:53:06.838,0.73061,0.73183,0.75,0.75
2015.04.17 20:53:10.931,0.73064,0.73185,0.75,1.00
2015.04.17 20:53:12.507,0.73061,0.73183,0.75,1.00
2015.04.17 20:53:15.073,0.73064,0.73185,0.75,1.00
2015.04.17 20:53:16.397,0.73062,0.73184,0.75,1.00
2015.04.17 20:53:19.870,0.7303,0.73206,1.00,1.00
2015.04.17 20:53:19.971,0.73019,0.73206,1.50,1.00
2015.04.17 20:53:20.239,0.73018,0.73399,1.50,2.08
2015.04.17 20:53:20.356,0.73032,0.73275,1.00,0.75
2015.04.17 20:53:20.690,0.73019,0.73381,1.00,0.75
2015.04.17 20:53:20.796,0.73019,0.73496,1.00,1.79
2015.04.17 20:53:21.242,0.73018,0.73227,1.00,1.00
2015.04.17 20:53:21.958,0.73032,0.73226,1.00,1.00
2015.04.17 20:53:24.050,0.73032,0.73347,1.00,0.75
2015.04.17 20:53:24.551,0.73031,0.73232,1.00,1.00
2015.04.17 20:53:30.163,0.73035,0.73232,1.00,1.00
2015.04.17 20:53:32.670,0.73035,0.73347,1.00,0.75
2015.04.17 20:53:33.171,0.73036,0.73226,1.00,1.00
2015.04.17 20:53:36.480,0.73035,0.73347,1.00,0.75
2015.04.17 20:53:36.981,0.73036,0.73226,1.00,1.00
2015.04.17 20:53:38.188,0.73036,0.73347,1.00,0.75
2015.04.17 20:53:38.784,0.73035,0.73227,1.00,1.00
2015.04.17 20:53:43.092,0.73033,0.73226,1.00,1.00
2015.04.17 20:53:43.893,0.73032,0.73212,1.00,1.00
2015.04.17 20:53:49.403,0.73033,0.73226,1.00,1.00
2015.04.17 20:53:50.305,0.73033,0.73211,1.00,1.00
2015.04.17 20:53:51.307,0.73033,0.73226,1.00,1.00
2015.04.17 20:53:51.808,0.73033,0.73206,1.00,1.00
2015.04.17 20:54:05.356,0.73076,0.73207,1.00,1.00
2015.04.17 20:54:05.473,0.73029,0.73206,1.00,1.00
2015.04.17 20:54:05.531,0.73026,0.73207,1.00,1.00
2015.04.17 20:54:06.032,0.73033,0.73207,1.00,1.00
2015.04.17 20:54:09.141,0.73027,0.73207,1.00,1.00
2015.04.17 20:54:09.640,0.73038,0.73207,1.00,1.00
2015.04.17 20:54:10.075,0.73026,0.73207,1.00,1.00
2015.04.17 20:54:10.541,0.73043,0.73207,1.00,1.00
2015.04.17 20:54:13.095,0.73059,0.73236,1.00,0.75
2015.04.17 20:54:13.146,0.73059,0.73203,1.00,1.00
2015.04.17 20:54:13.196,0.73052,0.73203,1.00,1.00
2015.04.17 20:54:13.327,0.73052,0.73221,1.00,1.00
2015.04.17 20:54:13.378,0.73021,0.73221,1.00,1.00
2015.04.17 20:54:13.447,0.73034,0.7334,1.00,0.75
2015.04.17 20:54:13.548,0.73038,0.73207,1.00,1.00
2015.04.17 20:54:13.851,0.73043,0.73207,1.00,1.00
2015.04.17 20:54:14.850,0.73043,0.73206,1.00,1.00
2015.04.17 20:54:15.246,0.73023,0.73206,1.00,1.00
2015.04.17 20:54:15.477,0.73039,0.73206,1.00,1.00
2015.04.17 20:54:20.263,0.73036,0.73207,1.00,1.00
2015.04.17 20:54:22.168,0.73036,0.73349,1.00,0.75
2015.04.17 20:54:22.670,0.73036,0.73212,1.00,1.00
2015.04.17 20:54:23.371,0.73036,0.73349,1.00,0.75
2015.04.17 20:54:23.872,0.73036,0.73207,1.00,1.00
2015.04.17 20:54:24.386,0.73037,0.73207,1.00,1.00
2015.04.17 20:54:24.987,0.73037,0.73206,1.00,1.00
2015.04.17 20:54:25.076,0.73036,0.73349,1.00,0.75
2015.04.17 20:54:25.586,0.7304,0.73349,1.00,0.75
2015.04.17 20:54:25.915,0.73028,0.73207,1.00,1.00
2015.04.17 20:54:26.698,0.73028,0.73265,1.00,1.00
2015.04.17 20:54:26.906,0.73028,0.73234,1.00,1.00
2015.04.17 20:54:27.283,0.73029,0.73265,1.00,1.00
2015.04.17 20:54:27.385,0.73029,0.73232,1.00,1.00
2015.04.17 20:54:27.685,0.73029,0.73265,1.00,1.00
2015.04.17 20:54:27.825,0.73028,0.73207,1.00,1.00
2015.04.17 20:54:28.715,0.73028,0.73273,1.00,1.00
2015.04.17 20:54:28.888,0.73029,0.73233,1.00,1.00
2015.04.17 20:54:29.239,0.73028,0.73202,1.00,1.00
2015.04.17 20:54:33.946,0.73054,0.73189,1.00,1.00
2015.04.17 20:54:34.335,0.73051,0.73186,1.00,1.00
2015.04.17 20:54:34.775,0.73089,0.7319,1.00,1.00
2015.04.17 20:54:35.325,0.7309,0.7319,1.00,1.00
2015.04.17 20:54:36.095,0.73089,0.7319,1.00,1.00
2015.04.17 20:54:36.847,0.73089,0.73187,1.00,1.00
2015.04.17 20:54:37.786,0.7309,0.73187,1.00,1.00
2015.04.17 20:54:38.346,0.73089,0.73187,1.00,1.00
2015.04.17 20:54:38.981,0.73089,0.7319,1.00,1.00
2015.04.17 20:54:39.060,0.73089,0.73187,1.00,1.00
2015.04.17 20:54:40.865,0.7309,0.73187,1.00,1.00
2015.04.17 20:54:41.405,0.73089,0.73187,1.00,1.00
2015.04.17 20:54:42.467,0.73089,0.7319,1.00,1.00
2015.04.17 20:54:42.687,0.73089,0.73187,1.00,1.00
2015.04.17 20:54:45.605,0.7309,0.73187,1.00,1.00
2015.04.17 20:54:46.377,0.73089,0.73187,1.00,1.00
2015.04.17 20:54:47.025,0.7309,0.73187,1.00,1.00
2015.04.17 20:54:47.535,0.73089,0.73187,1.00,1.00
2015.04.17 20:54:48.356,0.7309,0.73187,1.00,1.00
2015.04.17 20:54:48.905,0.73089,0.73187,1.00,1.00
2015.04.17 20:54:49.566,0.7309,0.73187,1.00,1.00
2015.04.17 20:54:50.591,0.73089,0.73187,1.00,1.00
2015.04.17 20:54:51.105,0.7309,0.73187,1.00,1.00
2015.04.17 20:54:52.095,0.73089,0.73187,1.00,1.00
2015.04.17 20:54:52.596,0.7309,0.73187,1.00,1.00
2015.04.17 20:54:53.295,0.73089,0.73187,1.00,1.00
2015.04.17 20:54:53.806,0.7309,0.73187,1.00,1.00
2015.04.17 20:54:54.627,0.73089,0.73187,1.00,1.00
2015.04.17 20:54:55.615,0.73085,0.73202,1.00,1.00
2015.04.17 20:54:55.666,0.73085,0.73213,1.00,1.00
2015.04.17 20:54:55.785,0.73085,0.73219,1.00,1.00
2015.04.17 20:54:55.835,0.73089,0.73219,1.00,1.00
2015.04.17 20:54:56.212,0.73084,0.7319,1.00,0.75
2015.04.17 20:54:56.648,0.73084,0.73185,1.00,1.00
2015.04.17 20:54:56.703,0.73084,0.73188,1.00,1.00
2015.04.17 20:54:57.665,0.73085,0.73188,1.00,1.00
2015.04.17 20:54:58.127,0.73085,0.73181,1.00,1.00
2015.04.17 20:54:58.228,0.73085,0.73183,1.00,1.00
2015.04.17 20:54:58.575,0.73089,0.73183,1.00,1.00
2015.04.17 20:54:59.250,0.73089,0.73186,1.00,1.00
2015.04.17 20:55:01.756,0.73089,0.73189,1.00,1.00
2015.04.17 20:55:03.790,0.73089,0.73186,1.00,0.75
2015.04.17 20:55:04.059,0.73089,0.7321,1.00,1.00
2015.04.17 20:55:04.568,0.73089,0.73206,1.00,1.00
2015.04.17 20:55:05.168,0.73089,0.73195,1.00,1.00
2015.04.17 20:55:05.285,0.73084,0.73195,1.00,1.00
2015.04.17 20:55:05.661,0.73084,0.73197,1.00,1.00
2015.04.17 20:55:06.963,0.73084,0.73193,1.00,1.00
2015.04.17 20:55:07.575,0.73084,0.73187,1.00,1.00
2015.04.17 20:55:08.258,0.73079,0.73187,1.00,0.75
2015.04.17 20:55:08.792,0.73079,0.73188,1.00,1.00
2015.04.17 20:55:14.198,0.73085,0.73188,1.00,1.00
2015.04.17 20:55:14.705,0.73085,0.73186,1.00,1.00
2015.04.17 20:55:15.295,0.73084,0.73186,1.00,1.00
2015.04.17 20:55:16.886,0.73084,0.73181,1.00,1.00
2015.04.17 20:55:19.588,0.73089,0.73181,1.00,1.00
2015.04.17 20:55:20.486,0.73089,0.73206,1.00,1.00
2015.04.17 20:55:25.855,0.73084,0.73206,1.00,1.00
2015.04.17 20:55:25.922,0.73084,0.73196,1.00,1.00
2015.04.17 20:55:26.076,0.73079,0.73196,1.00,1.00
2015.04.17 20:55:26.296,0.73085,0.73196,1.00,1.00
2015.04.17 20:55:32.347,0.73084,0.73196,1.00,1.00
2015.04.17 20:55:36.416,0.73099,0.73196,1.00,1.00
2015.04.17 20:55:45.104,0.731,0.73196,1.00,1.00
2015.04.17 20:55:45.661,0.73099,0.73196,1.00,1.00
2015.04.17 20:55:46.079,0.73099,0.73191,1.00,1.00
2015.04.17 20:55:46.588,0.731,0.73192,0.75,1.00
2015.04.17 20:55:50.885,0.731,0.73193,0.75,1.00
2015.04.17 20:55:51.022,0.731,0.732,0.75,1.00
2015.04.17 20:55:51.816,0.73105,0.732,0.75,1.00
2015.04.17 20:55:52.365,0.73104,0.732,0.75,1.00
2015.04.17 20:55:52.584,0.73099,0.732,0.75,1.00
2015.04.17 20:56:00.286,0.73105,0.732,0.75,1.00
2015.04.17 20:56:00.504,0.73099,0.732,0.75,1.00
2015.04.17 20:56:02.636,0.73105,0.732,0.75,1.00
2015.04.17 20:56:02.737,0.73105,0.73207,0.75,1.00
2015.04.17 20:56:03.037,0.73109,0.73207,0.75,1.00
2015.04.17 20:56:04.576,0.73105,0.73207,1.00,1.00
2015.04.17 20:56:05.566,0.73104,0.73207,1.00,1.00
2015.04.17 20:56:06.554,0.73105,0.73207,1.00,1.00
2015.04.17 20:56:07.265,0.73104,0.73207,1.00,1.00
2015.04.17 20:56:11.066,0.73105,0.73207,1.00,1.00
2015.04.17 20:56:14.258,0.7311,0.73207,0.75,1.00
2015.04.17 20:56:14.588,0.73105,0.73207,1.00,1.00
2015.04.17 20:56:16.564,0.73104,0.73207,1.00,1.00
2015.04.17 20:56:16.773,0.73104,0.73218,1.00,1.00
2015.04.17 20:56:17.274,0.73105,0.73201,1.00,1.00
2015.04.17 20:56:21.187,0.73104,0.73201,1.00,1.00
2015.04.17 20:56:22.296,0.73104,0.73218,1.00,1.00
2015.04.17 20:56:22.347,0.73104,0.73216,1.00,1.00
2015.04.17 20:56:22.785,0.73104,0.73206,1.00,1.00
2015.04.17 20:56:24.192,0.73104,0.73221,1.00,1.00
2015.04.17 20:56:24.689,0.73104,0.73207,1.00,1.00
2015.04.17 20:56:26.054,0.73115,0.73207,0.75,1.00
2015.04.17 20:56:27.094,0.73115,0.73216,0.75,1.00
2015.04.17 20:56:27.145,0.73109,0.73216,1.00,1.00
2015.04.17 20:56:27.597,0.73109,0.73202,1.00,1.00
2015.04.17 20:56:29.655,0.73105,0.73202,1.00,1.00
2015.04.17 20:56:30.686,0.73104,0.73202,1.00,1.00
2015.04.17 20:56:32.408,0.73105,0.73215,1.00,1.00
2015.04.17 20:56:32.514,0.7311,0.73215,0.75,1.00
2015.04.17 20:56:32.909,0.7311,0.73202,0.75,1.00
2015.04.17 20:56:32.959,0.73104,0.73202,1.00,1.00
2015.04.17 20:56:33.066,0.73109,0.73202,1.00,1.00
2015.04.17 20:56:33.396,0.73114,0.73202,0.75,1.00
2015.04.17 20:56:33.655,0.73109,0.73221,1.00,1.00
2015.04.17 20:56:33.724,0.7312,0.73221,0.75,1.00
2015.04.17 20:56:33.875,0.73114,0.73221,0.75,1.00
2015.04.17 20:56:34.113,0.73114,0.73212,0.75,1.00
2015.04.17 20:56:35.160,0.73115,0.73212,0.75,1.00
2015.04.17 20:56:38.721,0.73115,0.73235,0.75,1.00
2015.04.17 20:56:39.222,0.73115,0.73207,0.75,1.00
2015.04.17 20:56:40.543,0.73114,0.73207,1.00,1.00
2015.04.17 20:56:41.254,0.73114,0.73206,0.75,1.00
2015.04.17 20:56:42.463,0.73114,0.73207,0.75,1.00
2015.04.17 20:57:00.153,0.73109,0.73207,1.00,1.00
2015.04.17 20:57:00.963,0.73109,0.73206,0.75,1.00
2015.04.17 20:57:09.396,0.7311,0.73206,0.75,1.00
2015.04.17 20:57:10.797,0.73109,0.73206,0.75,1.00
2015.04.17 20:57:10.920,0.73109,0.7321,0.75,1.00
2015.04.17 20:57:11.020,0.731,0.7321,0.75,1.00
2015.04.17 20:57:11.071,0.73094,0.7321,0.75,1.00
2015.04.17 20:57:11.276,0.73089,0.73216,0.75,1.00
2015.04.17 20:57:11.376,0.73089,0.73238,1.00,1.00
2015.04.17 20:57:11.889,0.73089,0.73207,1.00,1.00
2015.04.17 20:57:12.213,0.73089,0.73239,1.00,1.00
2015.04.17 20:57:12.517,0.73084,0.73239,1.00,1.00
2015.04.17 20:57:12.718,0.73075,0.73217,1.00,1.00
2015.04.17 20:57:13.229,0.73084,0.73217,1.00,1.00
2015.04.17 20:57:14.306,0.73084,0.73239,1.00,1.00
2015.04.17 20:57:14.566,0.73089,0.73239,1.00,1.00
2015.04.17 20:57:15.773,0.73084,0.73239,1.00,1.00
2015.04.17 20:57:16.351,0.73085,0.73239,1.00,1.00
2015.04.17 20:57:19.623,0.73084,0.73239,1.00,1.00
2015.04.17 20:57:21.514,0.73084,0.73236,1.00,1.00
2015.04.17 20:57:22.595,0.73079,0.73236,1.00,1.00
2015.04.17 20:57:23.803,0.73084,0.73236,1.00,1.00
2015.04.17 20:57:25.784,0.73094,0.73236,1.00,1.00
2015.04.17 20:57:29.085,0.73099,0.73236,1.00,1.00
2015.04.17 20:57:29.594,0.731,0.73236,1.00,1.00
2015.04.17 20:57:31.134,0.73104,0.73236,0.75,1.00
2015.04.17 20:57:31.396,0.73099,0.73236,1.00,1.00
2015.04.17 20:57:32.165,0.731,0.73236,1.00,1.00
2015.04.17 20:57:32.386,0.73104,0.73236,0.75,1.00
2015.04.17 20:57:32.705,0.73104,0.73239,0.75,1.00
2015.04.17 20:57:32.755,0.7311,0.73239,0.75,1.00
2015.04.17 20:57:33.157,0.7311,0.73212,0.75,1.00
2015.04.17 20:57:34.461,0.7311,0.73211,0.75,1.00
2015.04.17 20:57:34.512,0.73105,0.73211,0.75,1.00
2015.04.17 20:57:35.564,0.73104,0.73212,0.75,1.00
2015.04.17 20:57:36.785,0.7311,0.73212,0.75,1.00
2015.04.17 20:57:37.561,0.73109,0.73212,0.75,1.00
2015.04.17 20:57:45.082,0.73109,0.73239,0.75,1.00
2015.04.17 20:57:45.883,0.7311,0.73222,0.75,1.00
2015.04.17 20:57:48.132,0.7311,0.73231,0.75,1.00
2015.04.17 20:57:48.604,0.73109,0.73216,0.75,1.00
2015.04.17 20:57:51.244,0.73114,0.73216,0.75,1.00
2015.04.17 20:57:51.593,0.73114,0.73227,0.75,1.00
2015.04.17 20:57:52.094,0.73114,0.73207,0.75,1.00
2015.04.17 20:57:59.117,0.73119,0.73207,0.75,1.00
2015.04.17 20:58:00.323,0.73114,0.73207,0.75,1.00
2015.04.17 20:58:00.764,0.7312,0.73207,0.75,1.00
2015.04.17 20:58:01.563,0.7311,0.73207,0.75,1.00
2015.04.17 20:58:03.735,0.73109,0.73207,0.75,1.00
2015.04.17 20:58:04.614,0.7311,0.73207,0.75,1.00
2015.04.17 20:58:04.722,0.73104,0.73207,0.75,1.00
2015.04.17 20:58:04.833,0.73109,0.73207,0.75,1.00
2015.04.17 20:58:05.834,0.73109,0.73206,0.75,1.00
2015.04.17 20:58:06.042,0.73105,0.73206,0.75,1.00
2015.04.17 20:58:07.034,0.73109,0.73206,0.75,1.00
2015.04.17 20:58:07.363,0.73104,0.73206,0.75,1.00
2015.04.17 20:58:09.123,0.73114,0.73206,0.75,1.00
2015.04.17 20:58:09.173,0.73114,0.73227,0.75,1.00
2015.04.17 20:58:09.562,0.7311,0.73227,0.75,1.00
2015.04.17 20:58:09.642,0.7311,0.73201,0.75,1.00
2015.04.17 20:58:10.114,0.73114,0.73201,0.75,1.00
2015.04.17 20:58:10.666,0.73109,0.73201,0.75,1.00
2015.04.17 20:58:10.775,0.73114,0.73201,0.75,1.00
2015.04.17 20:58:13.962,0.73115,0.73201,0.75,1.00
2015.04.17 20:58:21.335,0.73114,0.73201,0.75,1.00
2015.04.17 20:58:21.995,0.73119,0.73201,0.75,1.00
2015.04.17 20:58:24.741,0.73114,0.73201,0.75,1.00
2015.04.17 20:58:27.104,0.73114,0.73223,0.75,1.00
2015.04.17 20:58:27.611,0.73114,0.73197,0.75,1.00
2015.04.17 20:58:27.934,0.73109,0.73197,0.75,1.00
2015.04.17 20:58:30.684,0.73115,0.73197,0.75,1.00
2015.04.17 20:58:30.794,0.7311,0.73197,0.75,1.00
2015.04.17 20:58:31.265,0.73115,0.73197,0.75,1.00
2015.04.17 20:58:32.664,0.73114,0.73197,0.75,1.00
2015.04.17 20:58:33.093,0.7312,0.73197,0.75,1.00
2015.04.17 20:58:33.460,0.73114,0.73197,0.75,1.00
2015.04.17 20:58:34.642,0.73115,0.73197,0.75,1.00
2015.04.17 20:58:35.345,0.73115,0.73196,0.75,1.00
2015.04.17 20:58:35.416,0.73104,0.73196,0.75,1.00
2015.04.17 20:58:36.127,0.73104,0.73197,0.75,1.00
2015.04.17 20:58:36.731,0.73105,0.73197,0.75,1.00
2015.04.17 20:58:37.403,0.73104,0.73197,0.75,1.00
2015.04.17 20:58:38.545,0.73104,0.73196,0.75,1.00
2015.04.17 20:58:39.134,0.73104,0.73197,0.75,1.00
2015.04.17 20:58:41.024,0.73099,0.73197,1.00,1.00
2015.04.17 20:58:41.354,0.73104,0.73196,0.75,1.00
2015.04.17 20:58:41.944,0.73089,0.73196,1.00,1.00
2015.04.17 20:58:42.542,0.73089,0.73197,1.00,1.00
2015.04.17 20:58:43.225,0.7309,0.73197,1.00,1.00
2015.04.17 20:58:43.755,0.73089,0.73197,1.00,1.00
2015.04.17 20:58:45.313,0.7309,0.73197,1.00,1.00
2015.04.17 20:58:46.138,0.73089,0.73197,1.00,1.00
2015.04.17 20:58:48.945,0.7309,0.73197,1.00,1.00
2015.04.17 20:58:49.492,0.73089,0.73197,1.00,1.00
2015.04.17 20:58:54.193,0.73089,0.73236,1.00,1.00
2015.04.17 20:58:54.332,0.73084,0.73241,1.00,1.00
2015.04.17 20:58:54.587,0.7309,0.73245,1.00,0.75
2015.04.17 20:58:54.789,0.73084,0.73241,1.00,0.75
2015.04.17 20:58:55.102,0.73089,0.73246,1.00,0.75
2015.04.17 20:58:55.322,0.73054,0.73246,1.00,0.75
2015.04.17 20:58:56.099,0.73054,0.73251,1.00,0.75
2015.04.17 20:58:56.622,0.73064,0.73261,1.00,1.00
2015.04.17 20:58:56.978,0.73064,0.73216,1.00,1.00
2015.04.17 20:58:57.371,0.73059,0.73216,1.00,1.00
2015.04.17 20:59:00.228,0.73059,0.73256,1.00,1.00
2015.04.17 20:59:00.278,0.73064,0.73261,1.00,1.00
2015.04.17 20:59:00.627,0.73059,0.73256,0.75,0.75
2015.04.17 20:59:01.192,0.73059,0.73236,1.00,1.00
