2013.09.09 19:00:00.275,0.74716,0.74754,2.25,1.50
2013.09.09 19:00:00.518,0.7472,0.74758,1.13,1.50
2013.09.09 19:00:00.635,0.74721,0.74759,1.50,1.50
2013.09.09 19:00:00.694,0.74722,0.74759,1.13,1.50
2013.09.09 19:00:01.126,0.74722,0.74758,1.50,1.13
2013.09.09 19:00:01.405,0.74722,0.74757,1.13,1.13
2013.09.09 19:00:01.876,0.74713,0.74754,1.50,1.50
2013.09.09 19:00:01.995,0.74714,0.74754,1.13,1.50
2013.09.09 19:00:02.216,0.74716,0.74754,1.13,1.50
2013.09.09 19:00:02.685,0.74716,0.74752,1.50,1.50
2013.09.09 19:00:02.995,0.74716,0.74752,1.88,1.50
2013.09.09 19:00:03.515,0.74716,0.74752,1.88,1.50
2013.09.09 19:00:04.117,0.74716,0.74752,1.88,1.50
2013.09.09 19:00:04.726,0.74716,0.74752,1.88,1.50
2013.09.09 19:00:05.386,0.74716,0.74752,1.88,1.50
2013.09.09 19:00:05.815,0.74716,0.74751,1.88,1.13
2013.09.09 19:00:05.935,0.74714,0.74749,1.88,1.50
2013.09.09 19:00:06.135,0.74712,0.74749,1.13,2.25
2013.09.09 19:00:07.056,0.74711,0.74747,1.13,1.50
2013.09.09 19:00:07.655,0.74711,0.74745,1.13,1.50
2013.09.09 19:00:07.795,0.74711,0.74746,1.13,1.50
2013.09.09 19:00:08.245,0.74711,0.74746,1.13,1.50
2013.09.09 19:00:08.365,0.74711,0.74746,1.13,1.50
2013.09.09 19:00:08.684,0.74711,0.74747,1.13,1.50
2013.09.09 19:00:08.925,0.74711,0.74744,1.13,1.50
2013.09.09 19:00:09.285,0.74711,0.74747,1.13,1.50
2013.09.09 19:00:09.715,0.74711,0.74747,1.13,1.50
2013.09.09 19:00:10.471,0.74711,0.74749,1.88,2.25
2013.09.09 19:00:11.680,0.74711,0.74749,1.88,2.25
2013.09.09 19:00:11.786,0.74713,0.74749,1.13,2.25
2013.09.09 19:00:13.244,0.74709,0.74745,1.50,1.50
2013.09.09 19:00:13.424,0.74709,0.74745,1.50,1.50
2013.09.09 19:00:27.210,0.74704,0.74741,2.25,1.50
2013.09.09 19:00:28.315,0.74704,0.74741,1.50,1.50
2013.09.09 19:00:29.748,0.74705,0.74739,1.13,1.50
2013.09.09 19:00:30.336,0.74702,0.74739,1.50,1.50
2013.09.09 19:00:30.635,0.74701,0.74737,2.25,1.50
2013.09.09 19:00:31.735,0.747,0.74737,1.13,1.50
2013.09.09 19:00:31.854,0.747,0.74737,1.13,1.50
2013.09.09 19:00:31.915,0.747,0.74737,1.13,1.50
2013.09.09 19:00:32.035,0.74696,0.74732,1.13,1.50
2013.09.09 19:00:32.155,0.74696,0.74732,1.13,1.50
2013.09.09 19:00:33.549,0.74696,0.74732,1.13,1.50
2013.09.09 19:00:34.425,0.74696,0.74732,1.13,1.50
2013.09.09 19:00:34.545,0.74696,0.74731,1.13,1.50
2013.09.09 19:00:35.535,0.74696,0.74731,1.13,1.50
2013.09.09 19:00:35.655,0.74696,0.74731,1.13,1.50
2013.09.09 19:00:35.775,0.74696,0.74731,1.13,1.50
2013.09.09 19:00:36.384,0.74696,0.74728,1.13,1.50
2013.09.09 19:00:37.608,0.74696,0.7473,1.13,1.50
2013.09.09 19:00:38.012,0.74696,0.7473,1.13,1.50
2013.09.09 19:00:38.135,0.74697,0.7473,1.13,1.50
2013.09.09 19:00:40.415,0.74697,0.74733,1.88,1.50
2013.09.09 19:00:41.285,0.74697,0.74733,1.88,1.50
2013.09.09 19:00:41.405,0.74697,0.74733,1.88,1.50
2013.09.09 19:00:41.465,0.74697,0.74733,1.88,1.50
2013.09.09 19:00:41.735,0.74697,0.74733,1.88,1.50
2013.09.09 19:00:41.795,0.74697,0.74733,1.88,1.50
2013.09.09 19:00:43.976,0.74698,0.74734,1.13,1.50
2013.09.09 19:00:44.652,0.74699,0.74735,1.13,1.50
2013.09.09 19:00:46.905,0.74699,0.74735,1.13,1.50
2013.09.09 19:00:47.025,0.74699,0.74735,1.13,1.50
2013.09.09 19:00:47.145,0.74699,0.74733,1.13,1.50
2013.09.09 19:00:48.776,0.74699,0.74733,1.13,1.50
2013.09.09 19:00:49.282,0.74699,0.74733,1.13,1.50
2013.09.09 19:00:49.347,0.74699,0.74733,1.13,1.50
2013.09.09 19:00:49.655,0.74699,0.74733,1.13,1.50
2013.09.09 19:01:00.885,0.74696,0.74732,1.88,1.50
2013.09.09 19:01:01.865,0.74696,0.7473,1.13,1.50
2013.09.09 19:01:02.298,0.74696,0.74732,1.88,1.50
2013.09.09 19:01:04.446,0.74696,0.74732,1.88,1.50
2013.09.09 19:01:17.000,0.74696,0.74732,1.88,1.50
2013.09.09 19:01:17.236,0.74699,0.74733,1.13,1.50
2013.09.09 19:01:17.545,0.74702,0.74736,1.13,1.50
2013.09.09 19:01:18.295,0.74702,0.74738,1.88,2.25
2013.09.09 19:01:19.675,0.74702,0.74738,1.88,2.25
2013.09.09 19:01:21.851,0.74702,0.74738,1.88,2.25
2013.09.09 19:01:28.076,0.74702,0.74738,1.88,2.25
2013.09.09 19:01:28.965,0.74702,0.74738,1.88,2.25
2013.09.09 19:01:38.156,0.74702,0.74738,1.88,2.25
2013.09.09 19:01:40.595,0.74702,0.74738,1.88,2.25
2013.09.09 19:01:49.145,0.74702,0.74738,1.88,2.25
2013.09.09 19:01:51.226,0.74703,0.74738,1.13,1.50
2013.09.09 19:01:52.247,0.74703,0.74738,1.13,1.50
2013.09.09 19:01:58.368,0.74703,0.74737,1.13,1.50
2013.09.09 19:01:58.756,0.74703,0.74738,1.13,1.50
2013.09.09 19:01:59.195,0.74703,0.74738,1.13,1.50
2013.09.09 19:01:59.867,0.74703,0.74738,1.13,1.50
2013.09.09 19:02:00.005,0.74703,0.74738,1.13,1.50
2013.09.09 19:02:00.606,0.74703,0.74738,1.13,1.50
2013.09.09 19:02:01.076,0.74703,0.74738,1.13,1.50
2013.09.09 19:02:01.195,0.74703,0.74738,1.13,1.50
2013.09.09 19:02:01.296,0.74703,0.74738,1.13,1.50
2013.09.09 19:02:01.797,0.74704,0.74738,1.13,1.50
2013.09.09 19:02:02.079,0.74704,0.74738,1.13,1.50
2013.09.09 19:02:02.686,0.74706,0.74738,1.13,1.50
2013.09.09 19:02:02.745,0.74704,0.74738,1.13,1.50
2013.09.09 19:02:04.205,0.74706,0.74738,1.13,1.50
2013.09.09 19:02:05.595,0.74705,0.74738,1.13,1.50
2013.09.09 19:02:10.725,0.74705,0.74738,1.13,1.50
2013.09.09 19:02:11.037,0.74705,0.74738,1.13,1.50
2013.09.09 19:02:11.465,0.74707,0.74738,1.13,1.50
2013.09.09 19:02:11.585,0.74705,0.74738,1.13,1.50
2013.09.09 19:02:21.056,0.74705,0.74739,1.13,1.50
2013.09.09 19:02:21.833,0.74705,0.74739,1.13,1.50
2013.09.09 19:02:29.802,0.74705,0.74739,1.13,1.50
2013.09.09 19:02:31.366,0.74705,0.74739,1.13,1.50
2013.09.09 19:02:31.855,0.74705,0.74739,1.13,1.50
2013.09.09 19:02:35.595,0.74707,0.74739,1.13,1.50
2013.09.09 19:02:35.776,0.74709,0.74743,1.13,2.25
2013.09.09 19:02:36.305,0.7471,0.74743,1.50,1.50
2013.09.09 19:02:37.465,0.74711,0.74743,1.13,1.50
2013.09.09 19:02:41.897,0.74705,0.74743,1.50,1.50
2013.09.09 19:02:54.845,0.74711,0.74744,1.13,2.25
2013.09.09 19:03:04.605,0.74709,0.74744,1.13,1.50
2013.09.09 19:03:09.916,0.74706,0.74744,1.13,1.50
2013.09.09 19:03:18.629,0.74706,0.74745,1.13,2.63
2013.09.09 19:03:20.547,0.74706,0.74744,1.13,1.50
2013.09.09 19:03:21.066,0.74706,0.74739,1.13,1.50
2013.09.09 19:03:21.186,0.74706,0.74739,1.13,1.50
2013.09.09 19:03:21.897,0.74706,0.74739,1.13,1.50
2013.09.09 19:03:22.555,0.74706,0.74739,1.13,1.13
2013.09.09 19:03:22.774,0.74702,0.74733,1.13,1.13
2013.09.09 19:03:23.495,0.74702,0.74733,1.13,1.13
2013.09.09 19:03:34.186,0.74702,0.74733,1.13,1.13
2013.09.09 19:03:35.156,0.74702,0.74733,1.13,1.13
2013.09.09 19:03:37.265,0.74702,0.74733,2.63,1.13
2013.09.09 19:03:39.876,0.74703,0.74733,1.88,1.13
2013.09.09 19:03:43.545,0.74702,0.74732,1.88,1.13
2013.09.09 19:03:43.675,0.74701,0.74734,1.13,1.13
2013.09.09 19:03:48.028,0.74702,0.74734,1.13,1.13
2013.09.09 19:03:48.085,0.74701,0.7473,1.88,1.13
2013.09.09 19:03:48.408,0.74701,0.7473,1.13,1.13
2013.09.09 19:04:00.957,0.747,0.74733,1.13,1.32
2013.09.09 19:04:04.676,0.747,0.74731,1.13,1.13
2013.09.09 19:04:06.286,0.747,0.74731,1.88,1.13
2013.09.09 19:04:06.798,0.747,0.74731,1.88,1.13
2013.09.09 19:04:07.339,0.74699,0.74729,1.13,1.13
2013.09.09 19:04:10.826,0.747,0.74729,1.13,1.13
2013.09.09 19:04:14.167,0.747,0.74729,1.13,1.13
2013.09.09 19:04:14.919,0.74701,0.74729,1.13,1.88
2013.09.09 19:04:23.865,0.74699,0.74729,1.13,1.88
2013.09.09 19:04:23.987,0.74699,0.74725,1.13,1.13
2013.09.09 19:04:26.215,0.74694,0.74724,1.50,1.13
2013.09.09 19:04:26.275,0.74694,0.74724,1.50,1.13
2013.09.09 19:04:26.395,0.74694,0.74722,1.13,1.13
2013.09.09 19:04:26.597,0.74694,0.74722,1.13,1.13
2013.09.09 19:04:27.336,0.74696,0.74722,1.50,1.13
2013.09.09 19:04:27.515,0.74697,0.74728,1.13,1.50
2013.09.09 19:04:27.635,0.74701,0.74732,1.13,2.07
2013.09.09 19:04:29.717,0.74702,0.74731,1.13,1.50
2013.09.09 19:04:48.366,0.74701,0.74731,1.50,1.13
2013.09.09 19:04:55.407,0.74703,0.74731,1.13,1.13
2013.09.09 19:04:55.468,0.74703,0.74731,1.13,1.13
2013.09.09 19:04:56.995,0.74701,0.74729,1.88,1.13
2013.09.09 19:05:03.228,0.74701,0.74729,1.13,1.13
2013.09.09 19:05:03.924,0.747,0.74729,1.13,1.13
2013.09.09 19:05:05.008,0.74698,0.74727,1.88,1.13
2013.09.09 19:05:05.596,0.74698,0.74726,1.88,1.13
2013.09.09 19:05:05.916,0.74694,0.74723,1.13,1.88
2013.09.09 19:05:06.957,0.74693,0.74722,1.13,1.13
2013.09.09 19:05:07.017,0.74692,0.74721,1.13,1.13
2013.09.09 19:05:07.639,0.74692,0.74721,1.50,1.13
2013.09.09 19:05:07.965,0.74687,0.74718,2.25,1.13
2013.09.09 19:05:09.175,0.74687,0.74714,2.25,1.13
2013.09.09 19:05:09.806,0.74687,0.74714,1.50,1.13
2013.09.09 19:05:10.365,0.7469,0.74719,1.13,1.50
2013.09.09 19:05:11.422,0.7469,0.74724,1.13,4.17
2013.09.09 19:05:12.035,0.7469,0.74724,1.50,4.17
2013.09.09 19:05:15.918,0.74692,0.74723,1.13,1.50
2013.09.09 19:05:16.466,0.74694,0.74723,1.13,1.13
2013.09.09 19:05:18.080,0.74694,0.74723,1.13,1.13
2013.09.09 19:05:18.535,0.74694,0.74723,1.13,1.13
2013.09.09 19:05:18.995,0.7469,0.74724,1.13,1.13
2013.09.09 19:05:19.235,0.74693,0.74727,1.13,2.25
2013.09.09 19:05:19.295,0.74693,0.74727,1.50,2.25
2013.09.09 19:05:19.355,0.74701,0.74727,1.13,1.50
2013.09.09 19:05:19.764,0.74698,0.7473,1.13,1.13
2013.09.09 19:05:22.255,0.74698,0.7473,1.50,1.13
2013.09.09 19:05:22.495,0.747,0.74736,1.13,1.50
2013.09.09 19:05:22.555,0.74706,0.74738,1.13,2.07
2013.09.09 19:05:22.615,0.74706,0.74738,1.50,1.69
2013.09.09 19:05:22.675,0.74706,0.74738,1.50,1.69
2013.09.09 19:05:22.975,0.74713,0.7474,1.13,2.44
2013.09.09 19:05:24.199,0.74712,0.74738,1.88,1.13
2013.09.09 19:05:24.436,0.74709,0.74741,1.50,1.13
2013.09.09 19:05:24.496,0.74709,0.74741,1.50,1.13
2013.09.09 19:05:27.427,0.74709,0.74741,1.50,1.88
2013.09.09 19:05:27.737,0.74709,0.74741,1.50,1.13
2013.09.09 19:05:29.536,0.74713,0.74741,1.88,1.13
2013.09.09 19:05:42.785,0.74711,0.7474,1.13,1.13
2013.09.09 19:05:43.205,0.74712,0.74741,1.13,1.13
2013.09.09 19:05:57.359,0.74708,0.74741,1.50,1.13
2013.09.09 19:06:03.386,0.74711,0.7474,1.50,1.13
2013.09.09 19:06:09.177,0.74708,0.74739,1.50,1.88
2013.09.09 19:06:15.015,0.74712,0.74738,1.13,1.88
2013.09.09 19:06:16.305,0.74707,0.74739,1.13,1.13
2013.09.09 19:06:19.047,0.74709,0.74739,1.88,1.13
2013.09.09 19:06:19.757,0.74709,0.74739,1.50,1.13
2013.09.09 19:06:24.258,0.74709,0.74739,1.50,1.13
2013.09.09 19:06:25.097,0.74711,0.74739,1.88,1.13
2013.09.09 19:06:35.725,0.74709,0.74741,1.13,1.13
2013.09.09 19:06:36.085,0.74715,0.74743,1.50,1.13
2013.09.09 19:06:36.838,0.74721,0.74745,1.13,1.13
2013.09.09 19:06:38.140,0.74715,0.74745,1.88,1.13
2013.09.09 19:06:38.757,0.74721,0.74746,1.88,1.13
2013.09.09 19:06:39.549,0.74713,0.74743,1.50,1.13
2013.09.09 19:06:40.221,0.74713,0.74743,1.50,1.88
2013.09.09 19:06:40.893,0.74715,0.74743,1.50,1.13
2013.09.09 19:06:41.497,0.74715,0.74743,1.50,1.13
2013.09.09 19:06:47.558,0.74722,0.74743,1.13,1.13
2013.09.09 19:06:48.346,0.74715,0.74743,1.13,1.13
2013.09.09 19:06:52.927,0.74715,0.74743,1.50,1.13
2013.09.09 19:06:53.106,0.74715,0.74743,1.50,1.13
2013.09.09 19:06:53.297,0.74715,0.74743,1.50,1.13
2013.09.09 19:06:53.618,0.74713,0.74744,1.13,2.07
2013.09.09 19:06:55.027,0.74706,0.74744,2.25,1.13
2013.09.09 19:06:55.346,0.74706,0.74744,1.50,2.63
2013.09.09 19:07:01.117,0.74706,0.74744,2.25,1.88
2013.09.09 19:07:13.943,0.74706,0.74743,1.50,1.13
2013.09.09 19:07:17.035,0.74706,0.74743,1.50,1.13
2013.09.09 19:07:17.166,0.74711,0.74743,1.50,1.13
2013.09.09 19:07:17.777,0.74713,0.74744,1.13,1.13
2013.09.09 19:07:20.595,0.74714,0.74743,1.13,1.13
2013.09.09 19:07:20.715,0.74712,0.74742,1.13,1.13
2013.09.09 19:07:21.443,0.7471,0.7474,1.50,1.13
2013.09.09 19:07:35.327,0.74712,0.74741,1.50,1.13
2013.09.09 19:07:36.146,0.74711,0.7474,1.88,1.13
2013.09.09 19:07:36.775,0.74712,0.7474,1.50,1.13
2013.09.09 19:07:37.226,0.74708,0.74738,1.50,1.50
2013.09.09 19:07:37.405,0.74702,0.74736,2.63,1.13
2013.09.09 19:07:37.585,0.74702,0.74736,1.88,1.88
2013.09.09 19:07:41.285,0.74696,0.74732,1.50,1.50
2013.09.09 19:07:41.405,0.74696,0.7473,1.50,1.13
2013.09.09 19:07:41.976,0.74696,0.7473,1.50,1.13
2013.09.09 19:07:42.947,0.74696,0.7473,2.25,1.13
2013.09.09 19:07:43.008,0.74696,0.7473,1.50,1.13
2013.09.09 19:07:50.407,0.74695,0.7473,1.50,1.13
2013.09.09 19:07:50.975,0.74699,0.7473,1.13,1.13
2013.09.09 19:07:51.564,0.74697,0.7473,1.50,1.13
2013.09.09 19:07:58.453,0.74697,0.74731,1.50,1.13
2013.09.09 19:07:59.035,0.74705,0.74736,1.13,2.63
2013.09.09 19:07:59.098,0.74702,0.74734,1.13,1.50
2013.09.09 19:07:59.495,0.74696,0.74732,1.50,1.88
2013.09.09 19:08:00.017,0.74698,0.7473,1.50,1.13
2013.09.09 19:08:03.587,0.74698,0.74733,1.50,1.13
2013.09.09 19:08:03.705,0.747,0.74733,1.50,1.13
2013.09.09 19:08:17.862,0.747,0.74733,1.50,1.88
2013.09.09 19:08:19.838,0.74704,0.74733,1.13,1.88
2013.09.09 19:08:24.047,0.747,0.74733,1.50,1.88
2013.09.09 19:08:24.723,0.74703,0.74737,1.13,1.50
2013.09.09 19:08:25.516,0.74701,0.74733,1.13,1.50
2013.09.09 19:08:26.079,0.74701,0.74732,1.50,1.13
2013.09.09 19:08:27.408,0.74701,0.74732,1.13,1.13
2013.09.09 19:08:28.066,0.74701,0.74732,1.13,1.13
2013.09.09 19:08:43.822,0.74701,0.7473,1.13,1.50
2013.09.09 19:08:50.367,0.74701,0.7473,1.13,1.50
2013.09.09 19:08:51.907,0.74701,0.74732,1.13,1.13
2013.09.09 19:08:59.565,0.74702,0.74732,1.13,1.13
2013.09.09 19:08:59.686,0.74698,0.74732,1.50,1.13
2013.09.09 19:08:59.746,0.74698,0.74732,1.50,1.13
2013.09.09 19:08:59.806,0.74698,0.74732,1.13,1.13
2013.09.09 19:09:00.825,0.74695,0.74731,1.50,1.50
2013.09.09 19:09:01.066,0.74694,0.74728,1.50,1.50
2013.09.09 19:09:01.749,0.74694,0.74728,1.50,1.88
2013.09.09 19:09:03.496,0.74694,0.74728,1.13,1.88
2013.09.09 19:09:03.615,0.7469,0.74724,1.88,1.13
2013.09.09 19:09:04.433,0.74692,0.74724,1.13,1.13
2013.09.09 19:09:10.947,0.74692,0.74726,1.50,1.50
2013.09.09 19:09:11.066,0.74695,0.74728,1.13,1.50
2013.09.09 19:09:11.306,0.74691,0.74726,1.50,1.13
2013.09.09 19:09:14.428,0.74691,0.74724,1.50,1.13
2013.09.09 19:09:17.787,0.74693,0.74724,1.13,1.13
2013.09.09 19:09:17.976,0.74693,0.74729,1.13,1.13
2013.09.09 19:09:18.156,0.74697,0.7473,1.13,1.13
2013.09.09 19:09:18.216,0.74697,0.7473,1.13,1.50
2013.09.09 19:09:18.276,0.74702,0.74731,1.13,1.50
2013.09.09 19:09:38.229,0.74697,0.74732,1.13,1.50
2013.09.09 19:09:38.286,0.74702,0.74732,1.13,1.50
2013.09.09 19:09:39.367,0.74705,0.74731,1.13,1.13
2013.09.09 19:09:39.549,0.74701,0.74733,1.13,1.50
2013.09.09 19:09:39.797,0.74702,0.74732,1.13,1.50
2013.09.09 19:09:40.029,0.74702,0.74733,1.13,1.13
2013.09.09 19:09:40.182,0.74702,0.74733,1.13,1.13
2013.09.09 19:09:40.747,0.74702,0.74733,1.13,1.13
2013.09.09 19:09:41.036,0.74702,0.74732,1.13,1.13
2013.09.09 19:09:41.156,0.74698,0.74732,1.13,1.88
2013.09.09 19:09:41.727,0.74699,0.74731,1.13,1.13
2013.09.09 19:09:42.251,0.74699,0.74731,1.13,1.13
2013.09.09 19:09:45.890,0.74699,0.74732,1.13,1.13
2013.09.09 19:09:46.016,0.74699,0.74729,1.13,1.13
2013.09.09 19:09:46.136,0.74696,0.74729,1.13,1.88
2013.09.09 19:09:46.256,0.74702,0.74729,1.13,1.88
2013.09.09 19:09:59.821,0.74702,0.74726,1.13,1.13
2013.09.09 19:10:04.926,0.74697,0.74728,1.13,1.13
2013.09.09 19:10:05.106,0.74701,0.74729,1.13,1.88
2013.09.09 19:10:05.166,0.74695,0.74727,1.13,1.50
2013.09.09 19:10:05.406,0.74696,0.74727,1.13,1.50
2013.09.09 19:10:05.526,0.74693,0.74723,1.13,1.13
2013.09.09 19:10:05.658,0.74691,0.74723,1.13,1.88
2013.09.09 19:10:06.696,0.74692,0.74723,1.13,2.63
2013.09.09 19:10:10.026,0.74692,0.74722,1.13,1.13
2013.09.09 19:10:11.700,0.74692,0.74723,1.13,1.88
2013.09.09 19:10:12.236,0.74693,0.74723,1.13,1.88
2013.09.09 19:10:12.416,0.7469,0.74721,1.13,1.13
2013.09.09 19:10:12.962,0.74691,0.7472,1.13,1.13
2013.09.09 19:10:13.636,0.74691,0.7472,1.13,1.88
2013.09.09 19:10:18.026,0.74685,0.7472,1.50,1.88
2013.09.09 19:10:18.417,0.74687,0.74717,1.13,1.50
2013.09.09 19:10:21.656,0.74686,0.74718,1.13,2.25
2013.09.09 19:10:21.716,0.74686,0.74718,1.13,1.88
2013.09.09 19:10:21.775,0.74687,0.74718,1.13,1.50
2013.09.09 19:10:25.676,0.74685,0.74719,1.50,1.50
2013.09.09 19:10:27.051,0.74685,0.74719,1.50,1.50
2013.09.09 19:10:27.374,0.74685,0.74721,1.50,1.50
2013.09.09 19:10:27.441,0.74688,0.7472,1.13,1.50
2013.09.09 19:10:27.507,0.74688,0.7472,1.13,1.50
2013.09.09 19:10:38.881,0.74685,0.74716,1.13,1.13
2013.09.09 19:10:42.387,0.74689,0.74716,1.13,1.13
2013.09.09 19:10:44.712,0.74683,0.74717,1.50,1.50
2013.09.09 19:10:46.901,0.74685,0.74717,1.13,1.50
2013.09.09 19:10:52.950,0.74681,0.74714,1.13,1.50
2013.09.09 19:10:53.066,0.7468,0.74714,1.50,1.50
2013.09.09 19:10:53.366,0.74675,0.7471,1.13,1.50
2013.09.09 19:10:53.928,0.74675,0.74711,1.13,1.50
2013.09.09 19:11:08.916,0.74675,0.74708,1.50,1.13
2013.09.09 19:11:13.267,0.74675,0.74708,1.50,1.13
2013.09.09 19:11:29.919,0.74675,0.74708,1.50,1.13
2013.09.09 19:11:34.226,0.74675,0.74708,1.50,1.13
2013.09.09 19:11:41.359,0.74678,0.74708,1.13,1.13
2013.09.09 19:11:49.888,0.74678,0.7471,1.88,1.13
2013.09.09 19:11:50.207,0.74678,0.74708,1.13,1.13
2013.09.09 19:11:58.686,0.74675,0.74708,1.50,1.13
2013.09.09 19:11:58.746,0.74675,0.74709,1.50,1.13
2013.09.09 19:11:59.186,0.74676,0.74713,1.88,2.25
2013.09.09 19:11:59.936,0.74676,0.74711,1.88,1.13
2013.09.09 19:12:00.246,0.74676,0.74708,1.88,1.13
2013.09.09 19:12:01.458,0.74679,0.74708,1.13,1.13
2013.09.09 19:12:01.963,0.74679,0.74708,1.13,1.13
2013.09.09 19:12:09.881,0.74675,0.74708,1.13,1.13
2013.09.09 19:12:13.786,0.74674,0.74709,1.13,1.13
2013.09.09 19:12:19.819,0.74674,0.74709,1.13,1.13
2013.09.09 19:12:28.766,0.7468,0.74709,1.13,1.13
2013.09.09 19:12:29.007,0.74682,0.7471,1.13,1.13
2013.09.09 19:12:30.977,0.74677,0.7471,1.50,1.13
2013.09.09 19:12:40.817,0.74676,0.7471,2.25,1.13
2013.09.09 19:12:42.647,0.74682,0.74713,1.13,1.88
2013.09.09 19:12:43.031,0.74677,0.7471,1.13,1.13
2013.09.09 19:12:43.703,0.7468,0.7471,1.13,1.13
2013.09.09 19:12:49.876,0.74682,0.7471,1.13,1.13
2013.09.09 19:12:49.936,0.74682,0.74714,1.13,1.88
2013.09.09 19:12:50.117,0.74682,0.74711,1.13,1.13
2013.09.09 19:13:01.630,0.74677,0.74711,2.25,1.13
2013.09.09 19:13:02.156,0.74679,0.74711,1.13,1.88
2013.09.09 19:13:21.186,0.74679,0.74711,1.88,1.13
2013.09.09 19:13:21.427,0.74676,0.74711,2.25,1.88
2013.09.09 19:13:23.206,0.74679,0.74711,1.13,1.88
2013.09.09 19:13:28.407,0.74679,0.74711,1.13,1.13
2013.09.09 19:13:28.596,0.74681,0.74714,1.13,1.50
2013.09.09 19:13:43.980,0.74681,0.74714,1.13,1.50
2013.09.09 19:13:50.926,0.74684,0.74716,1.13,1.50
2013.09.09 19:13:51.435,0.74684,0.74715,1.13,1.13
2013.09.09 19:13:55.907,0.74684,0.74716,1.13,1.50
2013.09.09 19:14:06.007,0.74686,0.7472,1.88,1.88
2013.09.09 19:14:06.067,0.74688,0.74721,1.13,1.13
2013.09.09 19:14:16.584,0.74688,0.74721,1.13,1.50
2013.09.09 19:14:17.089,0.74688,0.74721,1.13,1.13
2013.09.09 19:14:21.836,0.74688,0.74721,1.13,1.88
2013.09.09 19:14:22.048,0.74689,0.74721,1.13,1.13
2013.09.09 19:14:22.597,0.74698,0.7473,1.13,1.69
2013.09.09 19:14:22.657,0.74696,0.74731,1.13,1.50
2013.09.09 19:14:22.777,0.74697,0.74731,1.13,1.50
2013.09.09 19:14:22.836,0.74697,0.74731,1.13,1.50
2013.09.09 19:14:25.122,0.74697,0.7473,1.13,1.13
2013.09.09 19:14:25.778,0.74697,0.74728,1.13,1.13
2013.09.09 19:14:30.067,0.74695,0.74728,1.13,1.50
2013.09.09 19:14:42.948,0.74695,0.74727,1.13,1.13
2013.09.09 19:14:52.947,0.74694,0.74726,1.13,1.13
2013.09.09 19:14:54.169,0.74694,0.74727,1.13,1.13
2013.09.09 19:14:54.768,0.74695,0.74727,1.13,1.13
2013.09.09 19:14:55.348,0.74691,0.74726,2.25,1.13
2013.09.09 19:14:55.406,0.74691,0.74725,2.25,1.13
2013.09.09 19:14:55.466,0.74691,0.74725,2.25,1.13
2013.09.09 19:14:56.183,0.74692,0.74724,1.88,1.13
2013.09.09 19:14:57.577,0.74692,0.74726,1.13,1.50
2013.09.09 19:14:58.213,0.74691,0.74727,1.88,1.73
2013.09.09 19:14:59.398,0.74692,0.74727,1.88,1.73
2013.09.09 19:14:59.566,0.74692,0.74725,1.50,1.13
2013.09.09 19:15:02.203,0.74692,0.74723,1.13,1.50
2013.09.09 19:15:02.928,0.74692,0.74722,2.63,1.13
2013.09.09 19:15:03.467,0.74691,0.7472,1.88,1.13
2013.09.09 19:15:04.078,0.74692,0.7472,1.88,1.13
2013.09.09 19:15:07.606,0.74691,0.74719,1.50,1.13
2013.09.09 19:15:08.313,0.74687,0.74717,1.13,1.13
2013.09.09 19:15:28.014,0.74686,0.74717,1.13,1.13
2013.09.09 19:15:41.178,0.74686,0.74718,1.13,1.13
2013.09.09 19:15:41.975,0.74686,0.74718,1.88,1.13
2013.09.09 19:15:46.537,0.74686,0.74717,1.88,1.13
2013.09.09 19:15:46.668,0.74686,0.74716,1.50,1.13
2013.09.09 19:16:12.829,0.74687,0.74714,1.13,1.50
2013.09.09 19:16:28.107,0.74687,0.74714,1.13,1.50
2013.09.09 19:17:13.145,0.74682,0.74718,1.13,1.13
2013.09.09 19:17:23.007,0.74682,0.74716,1.13,1.13
2013.09.09 19:17:42.978,0.74681,0.74716,1.13,1.13
2013.09.09 19:17:43.758,0.74682,0.74716,1.50,1.13
2013.09.09 19:17:44.198,0.74682,0.74716,1.50,1.13
2013.09.09 19:17:59.137,0.74682,0.74714,2.25,1.50
2013.09.09 19:17:59.907,0.74686,0.74714,1.50,1.50
2013.09.09 19:18:23.372,0.74686,0.74714,1.88,1.50
2013.09.09 19:18:24.275,0.74686,0.74714,1.88,1.50
2013.09.09 19:18:24.578,0.74686,0.74714,1.88,1.50
2013.09.09 19:18:24.987,0.74686,0.74714,1.88,1.50
2013.09.09 19:18:29.256,0.74692,0.74714,1.50,1.50
2013.09.09 19:18:30.718,0.74689,0.74714,1.13,1.50
2013.09.09 19:18:38.087,0.74686,0.74711,1.13,1.13
2013.09.09 19:18:38.147,0.74676,0.74708,2.25,1.13
2013.09.09 19:18:38.392,0.74671,0.74703,1.13,1.50
2013.09.09 19:18:39.044,0.74672,0.74703,1.13,1.50
2013.09.09 19:18:41.468,0.74665,0.747,1.50,1.13
2013.09.09 19:18:41.607,0.74665,0.74701,1.50,1.13
2013.09.09 19:18:41.887,0.74665,0.74702,1.50,1.50
2013.09.09 19:18:42.674,0.74672,0.74702,1.13,1.50
2013.09.09 19:18:51.883,0.74672,0.74701,1.13,1.50
2013.09.09 19:19:12.906,0.74666,0.74699,1.88,1.50
2013.09.09 19:19:13.437,0.74666,0.747,1.88,1.50
2013.09.09 19:19:16.198,0.74666,0.747,1.88,1.50
2013.09.09 19:19:31.268,0.74666,0.74697,1.88,1.50
2013.09.09 19:19:31.838,0.74666,0.74693,1.88,1.50
2013.09.09 19:19:31.956,0.74666,0.74702,1.13,1.88
2013.09.09 19:19:32.078,0.74662,0.74696,3.00,1.13
2013.09.09 19:19:32.637,0.74662,0.74692,2.63,1.13
2013.09.09 19:19:32.697,0.74656,0.74692,1.50,1.13
2013.09.09 19:19:33.198,0.74656,0.7469,1.50,1.13
2013.09.09 19:19:33.552,0.74658,0.7469,1.50,1.13
2013.09.09 19:19:35.217,0.74663,0.74691,1.13,1.13
2013.09.09 19:19:35.757,0.74667,0.74697,1.13,1.50
2013.09.09 19:19:36.923,0.74667,0.74697,1.13,1.50
2013.09.09 19:19:37.862,0.74667,0.74698,1.13,1.88
2013.09.09 19:19:40.877,0.74667,0.74697,1.13,1.50
2013.09.09 19:19:41.417,0.74662,0.74694,1.13,1.13
2013.09.09 19:19:41.817,0.7467,0.74698,1.13,1.50
2013.09.09 19:19:43.362,0.7467,0.74697,1.13,1.50
2013.09.09 19:19:47.727,0.74667,0.74697,1.13,1.50
2013.09.09 19:20:04.639,0.74666,0.74697,1.13,1.88
2013.09.09 19:20:05.767,0.74668,0.74697,1.13,1.88
2013.09.09 19:20:08.882,0.74668,0.74697,1.13,1.88
2013.09.09 19:20:09.427,0.74668,0.74697,1.13,1.88
2013.09.09 19:20:09.957,0.74668,0.74697,1.13,1.13
2013.09.09 19:20:10.908,0.74668,0.74697,1.13,1.13
2013.09.09 19:20:11.397,0.74666,0.74694,1.13,1.13
2013.09.09 19:20:22.097,0.74673,0.74698,1.50,1.13
2013.09.09 19:20:22.277,0.74673,0.74701,1.13,1.13
2013.09.09 19:20:22.637,0.74678,0.74707,1.13,2.07
2013.09.09 19:20:22.697,0.74681,0.74707,1.13,1.69
2013.09.09 19:20:22.757,0.74681,0.7471,1.13,2.25
2013.09.09 19:20:22.817,0.74683,0.7471,2.25,1.50
2013.09.09 19:20:24.177,0.74683,0.74714,2.25,1.50
2013.09.09 19:20:24.358,0.74683,0.74713,2.25,1.13
2013.09.09 19:20:24.729,0.74681,0.74709,1.88,1.50
2013.09.09 19:20:29.187,0.74678,0.74706,1.13,1.13
2013.09.09 19:20:30.968,0.74678,0.74708,1.13,1.13
2013.09.09 19:20:32.399,0.74678,0.74706,1.13,1.13
2013.09.09 19:20:36.567,0.74673,0.74705,1.13,1.13
2013.09.09 19:20:37.028,0.74673,0.74705,1.13,1.13
2013.09.09 19:20:37.268,0.74674,0.74708,1.32,1.50
2013.09.09 19:20:40.297,0.74682,0.74714,1.88,2.63
2013.09.09 19:20:40.361,0.74682,0.74713,1.88,1.50
2013.09.09 19:20:40.668,0.74684,0.74713,1.13,1.50
2013.09.09 19:20:44.477,0.74684,0.74714,1.13,2.25
2013.09.09 19:20:45.047,0.74687,0.74716,1.13,1.88
2013.09.09 19:20:45.628,0.74687,0.74714,1.13,1.50
2013.09.09 19:20:50.137,0.74682,0.74713,4.88,1.50
2013.09.09 19:20:50.317,0.74681,0.7471,1.88,1.13
2013.09.09 19:20:50.528,0.74681,0.74714,1.88,1.88
2013.09.09 19:20:51.710,0.74683,0.74708,1.50,1.50
2013.09.09 19:20:52.147,0.74682,0.74713,1.13,1.13
2013.09.09 19:20:52.743,0.74682,0.74713,1.13,1.13
2013.09.09 19:20:57.091,0.74682,0.74709,1.88,1.50
2013.09.09 19:21:00.147,0.74682,0.74709,1.88,1.50
2013.09.09 19:21:00.547,0.74682,0.7471,1.88,1.50
2013.09.09 19:21:01.308,0.74682,0.7471,1.88,1.50
2013.09.09 19:21:07.158,0.74682,0.7471,1.13,1.50
2013.09.09 19:21:07.277,0.7468,0.7471,1.13,1.50
2013.09.09 19:21:07.397,0.74679,0.7471,1.50,1.50
2013.09.09 19:21:07.558,0.74679,0.74708,1.50,4.50
2013.09.09 19:21:07.669,0.74679,0.74708,1.50,4.50
2013.09.09 19:21:08.414,0.74679,0.74709,1.50,5.25
2013.09.09 19:21:09.907,0.74679,0.74709,1.50,5.25
2013.09.09 19:21:12.394,0.74679,0.74707,1.50,4.50
2013.09.09 19:21:12.831,0.74679,0.74707,1.50,3.75
2013.09.09 19:21:13.084,0.74679,0.74708,1.50,3.75
2013.09.09 19:21:13.744,0.74679,0.74707,2.25,3.75
2013.09.09 19:21:14.980,0.74679,0.74708,1.13,3.75
2013.09.09 19:21:15.089,0.74679,0.74709,2.25,1.13
2013.09.09 19:21:15.397,0.74678,0.74708,1.50,1.13
2013.09.09 19:21:16.125,0.74676,0.74699,1.88,1.50
2013.09.09 19:21:18.390,0.74676,0.74698,1.13,1.50
2013.09.09 19:21:19.571,0.74676,0.74698,1.88,1.50
2013.09.09 19:21:20.171,0.74679,0.74709,1.13,1.13
2013.09.09 19:21:20.747,0.74679,0.74709,1.13,1.13
2013.09.09 19:21:21.109,0.74679,0.74709,1.13,1.50
2013.09.09 19:21:22.887,0.74679,0.74709,1.13,1.50
2013.09.09 19:21:22.988,0.74679,0.74709,1.13,1.50
2013.09.09 19:21:23.128,0.74679,0.74709,1.13,1.50
2013.09.09 19:21:23.327,0.74679,0.74709,1.13,1.50
2013.09.09 19:21:23.828,0.74681,0.74709,1.13,1.50
2013.09.09 19:21:25.071,0.74681,0.74709,1.13,1.50
2013.09.09 19:21:30.019,0.74681,0.74709,1.13,1.50
2013.09.09 19:21:31.464,0.74681,0.74709,1.13,1.50
2013.09.09 19:21:32.347,0.74681,0.74707,1.13,1.50
2013.09.09 19:21:34.969,0.74681,0.74709,1.13,4.50
2013.09.09 19:21:40.158,0.7468,0.74708,1.50,4.50
2013.09.09 19:21:40.498,0.7468,0.74703,1.50,1.13
2013.09.09 19:21:45.767,0.74683,0.74709,1.13,1.13
2013.09.09 19:21:45.828,0.74683,0.74708,1.50,3.75
2013.09.09 19:21:46.347,0.74684,0.74709,1.13,4.50
2013.09.09 19:21:46.407,0.74682,0.74708,1.05,3.75
2013.09.09 19:21:46.467,0.74682,0.74708,1.05,4.50
2013.09.09 19:21:46.844,0.74681,0.74704,1.05,1.13
2013.09.09 19:21:47.509,0.74681,0.74704,1.13,1.13
2013.09.09 19:21:48.128,0.74681,0.74704,1.13,1.13
2013.09.09 19:21:48.447,0.74678,0.74704,1.50,1.50
2013.09.09 19:21:48.637,0.74677,0.74699,1.13,3.75
2013.09.09 19:21:49.227,0.74676,0.74699,1.13,3.75
2013.09.09 19:21:50.142,0.74675,0.74698,1.88,3.75
2013.09.09 19:21:52.423,0.74674,0.74699,1.13,3.75
2013.09.09 19:21:53.677,0.74677,0.74704,1.13,1.50
2013.09.09 19:22:13.989,0.74679,0.74708,1.50,1.50
2013.09.09 19:22:15.955,0.74679,0.74699,1.13,1.50
2013.09.09 19:22:16.660,0.74677,0.74698,1.88,3.75
2013.09.09 19:22:17.568,0.74677,0.74699,1.88,3.75
2013.09.09 19:22:22.237,0.74677,0.74698,1.88,3.75
2013.09.09 19:22:22.367,0.74676,0.74699,1.88,3.75
2013.09.09 19:22:22.427,0.74676,0.74707,1.88,1.35
2013.09.09 19:22:23.086,0.74674,0.74705,1.50,1.35
2013.09.09 19:22:29.917,0.74673,0.74703,1.50,1.73
2013.09.09 19:22:38.578,0.74673,0.74698,1.13,3.75
2013.09.09 19:22:38.638,0.74673,0.74698,1.13,3.75
2013.09.09 19:23:11.347,0.74673,0.74699,1.13,4.50
2013.09.09 19:23:11.907,0.74673,0.74699,1.13,4.50
2013.09.09 19:23:12.725,0.74673,0.74698,1.50,3.75
2013.09.09 19:23:14.787,0.74676,0.74704,1.13,1.50
2013.09.09 19:23:15.107,0.74676,0.74704,1.88,1.50
2013.09.09 19:23:15.776,0.74676,0.74704,1.88,1.50
2013.09.09 19:23:21.887,0.74676,0.74704,1.13,1.50
2013.09.09 19:23:24.158,0.74676,0.74704,1.13,1.50
2013.09.09 19:23:26.449,0.74676,0.74704,1.13,1.50
2013.09.09 19:23:33.568,0.74676,0.74704,1.50,1.50
2013.09.09 19:23:43.340,0.74676,0.74704,1.13,1.50
2013.09.09 19:23:45.987,0.74676,0.74698,1.13,3.75
2013.09.09 19:23:46.562,0.74676,0.74697,1.50,3.75
2013.09.09 19:23:55.218,0.74676,0.74698,1.13,3.75
2013.09.09 19:24:05.356,0.74676,0.74704,1.13,1.13
2013.09.09 19:24:22.180,0.74675,0.74698,1.88,1.13
2013.09.09 19:24:22.728,0.74675,0.74711,1.88,1.54
2013.09.09 19:24:24.319,0.74676,0.74704,1.50,1.13
2013.09.09 19:24:26.339,0.74676,0.74704,1.50,1.13
2013.09.09 19:24:31.448,0.74676,0.74704,1.50,1.50
2013.09.09 19:24:40.252,0.74676,0.74704,1.50,1.50
2013.09.09 19:24:40.936,0.74676,0.74704,1.50,1.50
2013.09.09 19:24:41.607,0.74676,0.74704,1.13,1.50
2013.09.09 19:24:42.808,0.74676,0.74704,1.13,1.50
2013.09.09 19:24:43.640,0.74676,0.74698,1.13,1.50
2013.09.09 19:24:46.368,0.74676,0.74704,1.13,1.50
2013.09.09 19:24:48.747,0.74676,0.74704,1.50,1.50
2013.09.09 19:24:53.527,0.74676,0.74704,1.13,1.50
2013.09.09 19:24:55.667,0.74675,0.74704,1.50,1.13
2013.09.09 19:24:58.917,0.74675,0.74704,1.13,1.50
2013.09.09 19:25:01.401,0.74675,0.74699,1.13,1.50
2013.09.09 19:25:02.718,0.74675,0.74698,1.50,1.50
2013.09.09 19:25:05.459,0.74676,0.74704,1.13,1.50
2013.09.09 19:25:06.069,0.74676,0.74704,1.13,1.50
2013.09.09 19:25:10.759,0.74672,0.74699,1.50,1.13
2013.09.09 19:25:46.237,0.74672,0.74698,1.50,1.50
2013.09.09 19:25:55.927,0.74672,0.74698,1.50,1.50
2013.09.09 19:25:58.119,0.74674,0.74698,1.13,1.50
2013.09.09 19:25:58.529,0.74672,0.74699,2.25,2.25
2013.09.09 19:26:07.639,0.74675,0.74699,1.13,1.50
2013.09.09 19:26:08.209,0.74674,0.74699,1.50,1.50
2013.09.09 19:26:08.328,0.74678,0.74708,1.50,1.95
2013.09.09 19:26:08.387,0.7468,0.7471,1.13,1.20
2013.09.09 19:26:26.367,0.74682,0.74708,1.13,2.25
2013.09.09 19:26:37.728,0.74677,0.74708,1.50,1.50
2013.09.09 19:26:45.168,0.74681,0.74708,1.13,1.13
2013.09.09 19:26:45.528,0.74694,0.74723,1.13,1.50
2013.09.09 19:26:45.587,0.74694,0.74723,1.13,1.50
2013.09.09 19:26:45.768,0.74685,0.74719,2.07,1.13
2013.09.09 19:26:46.379,0.74692,0.74719,1.13,1.13
2013.09.09 19:26:57.489,0.7469,0.74723,1.13,1.88
2013.09.09 19:26:58.076,0.74694,0.74723,1.50,1.50
2013.09.09 19:27:01.518,0.74693,0.74719,1.13,1.13
2013.09.09 19:27:01.758,0.7469,0.74719,1.13,1.13
2013.09.09 19:27:12.509,0.74691,0.74719,1.50,1.13
2013.09.09 19:27:14.040,0.7469,0.74719,1.13,1.13
2013.09.09 19:27:14.340,0.74698,0.74727,1.13,1.50
2013.09.09 19:27:14.408,0.74701,0.74727,1.13,1.13
2013.09.09 19:27:14.469,0.74701,0.74728,1.13,2.25
2013.09.09 19:27:14.529,0.74694,0.74728,1.13,1.50
2013.09.09 19:27:14.708,0.74696,0.74728,1.13,1.13
2013.09.09 19:27:16.268,0.74693,0.74728,1.50,1.13
2013.09.09 19:27:16.339,0.74701,0.74728,1.13,1.13
2013.09.09 19:27:22.349,0.74701,0.74732,1.13,1.13
2013.09.09 19:27:22.897,0.74701,0.74732,1.13,1.13
2013.09.09 19:27:23.341,0.747,0.74733,1.13,1.50
2013.09.09 19:27:23.659,0.74708,0.74733,1.13,1.50
2013.09.09 19:27:24.228,0.74708,0.74733,1.13,1.50
2013.09.09 19:27:24.887,0.74709,0.74733,1.13,1.50
2013.09.09 19:27:32.327,0.74706,0.74734,1.13,1.50
2013.09.09 19:27:35.317,0.74698,0.74732,1.88,1.13
2013.09.09 19:27:36.928,0.74702,0.74732,1.13,1.13
2013.09.09 19:27:37.370,0.74702,0.74732,1.13,1.50
2013.09.09 19:27:37.619,0.74698,0.74729,1.13,5.25
2013.09.09 19:27:38.207,0.74696,0.74727,1.50,1.50
2013.09.09 19:27:39.257,0.74697,0.74726,1.13,1.13
2013.09.09 19:27:39.422,0.74696,0.74726,1.50,1.13
2013.09.09 19:27:39.948,0.74697,0.74729,1.13,6.00
2013.09.09 19:27:40.269,0.74696,0.74726,1.13,1.13
2013.09.09 19:27:40.388,0.74695,0.74726,1.50,1.88
2013.09.09 19:27:40.568,0.74697,0.74727,1.13,1.50
2013.09.09 19:27:40.908,0.74698,0.74728,2.25,1.50
2013.09.09 19:27:52.678,0.74696,0.74727,1.13,1.13
2013.09.09 19:27:52.798,0.74696,0.74726,1.13,1.13
2013.09.09 19:27:53.247,0.74696,0.74727,1.50,1.50
2013.09.09 19:27:56.261,0.74696,0.74726,1.50,1.50
2013.09.09 19:28:06.338,0.74696,0.74726,1.50,1.13
2013.09.09 19:28:08.220,0.74696,0.74726,1.13,1.50
2013.09.09 19:28:08.738,0.74692,0.74723,1.50,1.50
2013.09.09 19:28:15.726,0.74696,0.74727,1.13,1.50
2013.09.09 19:28:15.968,0.747,0.74728,1.88,3.38
2013.09.09 19:28:16.090,0.74699,0.74728,1.13,3.38
2013.09.09 19:28:16.238,0.74696,0.74727,1.13,1.13
2013.09.09 19:28:31.869,0.74695,0.74727,1.50,1.13
2013.09.09 19:29:00.490,0.74696,0.74725,1.13,1.88
2013.09.09 19:29:01.458,0.74694,0.74725,1.13,1.88
2013.09.09 19:29:01.640,0.74694,0.74725,1.13,1.13
2013.09.09 19:29:01.828,0.74696,0.74725,1.13,1.88
2013.09.09 19:29:03.069,0.74696,0.74725,1.13,1.13
2013.09.09 19:29:03.737,0.74696,0.74725,1.13,1.13
2013.09.09 19:29:05.388,0.74692,0.74725,5.25,1.13
2013.09.09 19:29:05.744,0.74689,0.7472,2.82,1.13
2013.09.09 19:29:06.498,0.74689,0.7472,1.88,1.13
2013.09.09 19:29:07.040,0.74691,0.7472,1.13,1.13
2013.09.09 19:29:08.827,0.74689,0.74719,1.13,1.13
2013.09.09 19:29:14.157,0.74692,0.7472,1.13,1.13
2013.09.09 19:29:14.408,0.74695,0.74723,1.13,1.50
2013.09.09 19:29:23.999,0.747,0.74727,1.13,1.50
2013.09.09 19:29:24.060,0.747,0.74727,1.13,2.25
2013.09.09 19:29:24.379,0.747,0.74731,1.13,1.50
2013.09.09 19:29:24.518,0.74696,0.74728,1.88,1.13
2013.09.09 19:29:24.995,0.74696,0.74727,1.13,1.13
2013.09.09 19:29:26.081,0.74696,0.74727,1.13,1.13
2013.09.09 19:29:27.038,0.74697,0.74727,1.13,1.50
2013.09.09 19:29:27.659,0.74696,0.74727,1.50,1.50
2013.09.09 19:29:29.810,0.74696,0.74727,1.50,1.50
2013.09.09 19:29:36.467,0.74696,0.74728,1.50,2.25
2013.09.09 19:29:37.560,0.74696,0.74728,1.88,2.25
2013.09.09 19:29:38.315,0.74696,0.74728,1.88,3.00
2013.09.09 19:29:46.239,0.74698,0.74727,1.13,1.50
2013.09.09 19:29:52.078,0.74699,0.74728,1.13,1.88
2013.09.09 19:29:57.039,0.74697,0.74728,1.50,1.88
2013.09.09 19:29:58.079,0.74697,0.74728,1.13,2.25
2013.09.09 19:30:00.308,0.74697,0.74728,1.50,1.88
2013.09.09 19:30:00.509,0.74696,0.74731,2.25,1.13
2013.09.09 19:30:01.019,0.74701,0.7473,1.88,1.13
2013.09.09 19:30:18.190,0.74702,0.74731,1.50,1.13
2013.09.09 19:30:37.019,0.74702,0.74733,1.50,1.13
2013.09.09 19:30:39.089,0.74702,0.74733,1.50,1.13
2013.09.09 19:30:43.058,0.74702,0.74733,1.50,1.13
2013.09.09 19:30:43.140,0.74702,0.74733,1.50,1.13
2013.09.09 19:30:47.969,0.74702,0.74733,1.50,1.13
2013.09.09 19:30:56.908,0.74705,0.74733,1.50,1.13
2013.09.09 19:31:08.818,0.74704,0.74734,1.88,1.88
2013.09.09 19:31:09.458,0.74708,0.74737,1.13,1.13
2013.09.09 19:31:14.208,0.74708,0.74737,1.50,1.13
2013.09.09 19:31:18.318,0.74709,0.74738,1.13,1.13
2013.09.09 19:31:21.468,0.74709,0.74738,1.13,1.13
2013.09.09 19:31:22.069,0.74703,0.74733,1.50,1.13
2013.09.09 19:31:22.129,0.74703,0.74733,1.50,1.13
2013.09.09 19:31:22.449,0.74702,0.74733,2.25,1.13
2013.09.09 19:31:42.930,0.74702,0.74733,2.25,1.13
2013.09.09 19:31:58.968,0.74702,0.74733,1.50,1.13
2013.09.09 19:32:04.014,0.74702,0.74733,1.50,1.13
2013.09.09 19:32:19.339,0.74707,0.74737,1.13,1.13
2013.09.09 19:32:19.399,0.74707,0.74737,1.88,1.13
2013.09.09 19:32:19.850,0.74707,0.74736,1.13,1.13
2013.09.09 19:32:20.318,0.74707,0.74736,1.13,1.13
2013.09.09 19:32:20.730,0.74707,0.74736,1.13,1.13
2013.09.09 19:32:21.048,0.74707,0.74736,1.13,1.13
2013.09.09 19:32:25.088,0.74707,0.74738,1.88,1.13
2013.09.09 19:32:38.280,0.74707,0.74736,1.50,1.13
2013.09.09 19:32:40.067,0.74707,0.74735,1.50,1.13
2013.09.09 19:32:50.208,0.74707,0.74735,1.50,1.13
2013.09.09 19:32:52.868,0.74711,0.74738,1.50,1.13
2013.09.09 19:32:53.108,0.74707,0.74737,1.50,1.13
2013.09.09 19:32:56.405,0.74707,0.74737,1.50,1.13
2013.09.09 19:33:05.586,0.74707,0.74737,1.50,1.13
2013.09.09 19:33:08.199,0.74707,0.74738,1.50,1.88
2013.09.09 19:33:14.398,0.74707,0.74738,1.50,1.88
2013.09.09 19:33:16.689,0.74707,0.74738,1.50,1.88
2013.09.09 19:33:22.340,0.74711,0.74738,1.50,1.13
2013.09.09 19:33:22.459,0.74711,0.74738,1.50,1.13
2013.09.09 19:33:22.518,0.74712,0.74739,1.50,1.13
2013.09.09 19:33:28.658,0.74707,0.74738,2.25,1.88
2013.09.09 19:33:40.450,0.74707,0.74738,2.25,1.88
2013.09.09 19:33:42.798,0.74707,0.74739,1.88,1.88
2013.09.09 19:33:42.870,0.74707,0.74738,1.88,1.13
2013.09.09 19:33:43.188,0.74707,0.74739,2.63,1.50
2013.09.09 19:33:43.970,0.74707,0.74739,1.88,1.50
2013.09.09 19:33:46.060,0.74707,0.74739,1.88,1.50
2013.09.09 19:33:46.569,0.74707,0.74739,1.88,1.88
2013.09.09 19:33:47.108,0.74707,0.74739,1.88,1.50
2013.09.09 19:33:47.756,0.74707,0.74739,1.88,1.88
2013.09.09 19:33:48.261,0.74707,0.74739,1.88,1.50
2013.09.09 19:33:48.728,0.74707,0.74738,1.13,1.50
2013.09.09 19:33:51.579,0.74707,0.74738,1.13,1.88
2013.09.09 19:33:55.902,0.74707,0.74738,1.13,1.88
2013.09.09 19:34:12.990,0.74707,0.74738,1.13,1.88
2013.09.09 19:34:16.069,0.74707,0.74738,1.13,1.88
2013.09.09 19:34:20.961,0.74707,0.74734,1.13,1.50
2013.09.09 19:34:21.130,0.74707,0.74734,1.13,1.50
2013.09.09 19:34:21.912,0.74706,0.74737,1.88,1.13
2013.09.09 19:34:27.395,0.74708,0.74737,1.13,1.13
2013.09.09 19:34:30.860,0.74705,0.74734,1.13,1.50
2013.09.09 19:34:31.651,0.74704,0.74733,1.13,1.50
2013.09.09 19:34:36.469,0.74705,0.74734,1.13,1.88
2013.09.09 19:34:37.130,0.74705,0.74732,1.13,1.50
2013.09.09 19:34:37.758,0.74705,0.74734,1.88,1.50
2013.09.09 19:34:51.129,0.74706,0.74734,1.50,1.50
2013.09.09 19:35:10.919,0.74706,0.74735,1.88,1.50
2013.09.09 19:35:16.604,0.74706,0.74736,1.50,1.13
2013.09.09 19:35:19.880,0.74709,0.74738,1.13,1.88
2013.09.09 19:35:32.821,0.74708,0.74739,1.13,1.13
2013.09.09 19:35:39.638,0.74708,0.74738,1.13,1.50
2013.09.09 19:35:55.749,0.74712,0.74741,2.25,1.13
2013.09.09 19:35:55.808,0.74712,0.74742,2.63,1.50
2013.09.09 19:35:57.899,0.74715,0.74743,1.13,1.50
2013.09.09 19:35:59.827,0.74713,0.74743,1.13,1.50
2013.09.09 19:36:00.386,0.74713,0.74743,1.13,1.50
2013.09.09 19:36:03.080,0.74717,0.74748,1.13,1.50
2013.09.09 19:36:03.198,0.74715,0.74745,2.25,1.50
2013.09.09 19:36:03.269,0.74715,0.74745,2.25,1.88
2013.09.09 19:36:06.570,0.74714,0.74745,1.13,1.88
2013.09.09 19:36:07.458,0.74715,0.74745,1.13,1.50
2013.09.09 19:36:08.112,0.74715,0.74745,1.13,1.50
2013.09.09 19:36:13.768,0.74715,0.74745,1.13,1.88
2013.09.09 19:36:14.026,0.74715,0.74743,1.13,1.13
2013.09.09 19:36:19.363,0.74715,0.74743,1.73,1.50
2013.09.09 19:36:19.418,0.74717,0.74745,1.35,1.13
2013.09.09 19:36:19.481,0.74717,0.74746,1.35,1.13
2013.09.09 19:36:19.599,0.74718,0.74747,1.13,1.88
2013.09.09 19:36:19.718,0.74718,0.74747,2.10,1.88
2013.09.09 19:36:19.778,0.7472,0.74749,1.73,2.25
2013.09.09 19:36:20.019,0.74725,0.74755,1.13,1.13
2013.09.09 19:36:22.500,0.74723,0.74754,1.13,1.13
2013.09.09 19:36:28.049,0.74723,0.74757,1.88,2.25
2013.09.09 19:36:28.598,0.74726,0.74757,1.50,1.13
2013.09.09 19:36:29.990,0.74724,0.74756,1.50,1.13
2013.09.09 19:36:30.568,0.74724,0.74756,1.50,1.13
2013.09.09 19:36:37.110,0.74724,0.74757,1.50,1.13
2013.09.09 19:36:39.090,0.74724,0.74756,1.50,1.13
2013.09.09 19:36:41.088,0.74724,0.74757,1.50,1.13
2013.09.09 19:36:42.830,0.74724,0.74756,1.50,1.13
2013.09.09 19:36:45.599,0.74724,0.74756,1.13,1.13
2013.09.09 19:36:51.219,0.74724,0.74756,1.13,1.13
2013.09.09 19:36:51.927,0.74726,0.74756,1.13,1.13
2013.09.09 19:36:56.528,0.74724,0.74754,1.88,1.50
2013.09.09 19:36:57.129,0.74724,0.74755,1.13,1.13
2013.09.09 19:37:02.100,0.74725,0.74752,1.13,1.13
2013.09.09 19:37:02.219,0.74724,0.74751,1.13,1.73
2013.09.09 19:37:02.578,0.74716,0.74749,1.13,1.50
2013.09.09 19:37:03.248,0.74717,0.74746,1.13,1.13
2013.09.09 19:37:04.949,0.74718,0.7475,1.13,1.13
2013.09.09 19:37:08.919,0.74716,0.7475,1.13,1.13
2013.09.09 19:37:11.048,0.74716,0.74748,1.13,1.32
2013.09.09 19:37:11.108,0.74716,0.74748,1.13,1.69
2013.09.09 19:37:12.330,0.74716,0.74747,1.13,1.32
2013.09.09 19:37:12.688,0.74711,0.74744,1.50,1.50
2013.09.09 19:37:12.808,0.74711,0.74737,1.50,1.50
2013.09.09 19:37:13.048,0.7471,0.74737,1.13,1.13
2013.09.09 19:37:17.318,0.74708,0.74737,1.13,1.13
2013.09.09 19:37:17.860,0.74708,0.74737,1.13,1.50
2013.09.09 19:37:18.877,0.74708,0.74737,1.88,1.50
2013.09.09 19:37:24.400,0.74708,0.74739,1.88,1.13
2013.09.09 19:37:24.957,0.74708,0.74737,1.88,1.13
2013.09.09 19:37:26.018,0.74708,0.74737,1.13,1.13
2013.09.09 19:37:34.589,0.74708,0.74737,1.13,1.13
2013.09.09 19:37:36.650,0.74708,0.74737,1.13,1.13
2013.09.09 19:37:45.070,0.74708,0.74737,1.13,1.13
2013.09.09 19:37:52.189,0.74708,0.74737,1.88,1.13
2013.09.09 19:37:52.249,0.74709,0.74739,1.88,1.50
2013.09.09 19:37:52.368,0.74711,0.74739,1.13,1.13
2013.09.09 19:37:57.150,0.74712,0.74738,1.50,1.50
2013.09.09 19:37:57.928,0.7471,0.74738,2.25,2.25
2013.09.09 19:38:01.670,0.7471,0.74738,1.50,2.25
2013.09.09 19:38:02.216,0.74711,0.74743,3.00,1.13
2013.09.09 19:38:13.876,0.74711,0.74743,3.38,1.50
2013.09.09 19:38:21.141,0.74711,0.74744,3.38,1.50
2013.09.09 19:38:30.210,0.74711,0.74739,3.38,1.13
2013.09.09 19:38:30.330,0.74711,0.74744,3.38,1.50
2013.09.09 19:38:30.649,0.74711,0.74739,3.00,1.13
2013.09.09 19:38:31.237,0.74711,0.74739,3.00,1.13
2013.09.09 19:38:41.138,0.74711,0.74739,2.63,1.13
2013.09.09 19:38:41.319,0.74713,0.74744,1.13,1.50
2013.09.09 19:38:41.701,0.74715,0.74744,1.50,1.13
2013.09.09 19:38:41.879,0.74715,0.74744,1.88,1.13
2013.09.09 19:38:42.119,0.74716,0.74745,1.50,1.13
2013.09.09 19:38:44.689,0.74716,0.74744,1.50,1.13
2013.09.09 19:38:44.949,0.74716,0.74744,1.50,1.13
2013.09.09 19:38:50.815,0.74714,0.74744,1.88,1.50
2013.09.09 19:39:01.159,0.74716,0.74745,1.50,1.50
2013.09.09 19:39:01.780,0.74716,0.74745,1.50,1.50
2013.09.09 19:39:05.882,0.74716,0.74744,2.25,1.13
2013.09.09 19:39:10.255,0.74716,0.74744,1.50,1.13
2013.09.09 19:39:22.104,0.74715,0.74744,1.13,1.50
2013.09.09 19:39:41.488,0.74714,0.74745,2.25,1.13
2013.09.09 19:39:57.159,0.74712,0.74739,1.88,4.50
2013.09.09 19:39:57.931,0.74713,0.74739,1.13,4.13
2013.09.09 19:40:00.204,0.74713,0.74739,1.13,4.88
2013.09.09 19:40:00.919,0.74713,0.74739,1.13,1.13
2013.09.09 19:40:01.237,0.74711,0.74742,2.25,1.13
2013.09.09 19:40:01.868,0.74711,0.74742,2.63,1.13
2013.09.09 19:40:02.800,0.74711,0.74742,3.00,1.88
2013.09.09 19:40:03.563,0.74712,0.74739,1.13,1.50
2013.09.09 19:40:10.579,0.74711,0.74739,1.88,1.50
2013.09.09 19:40:11.678,0.74712,0.74742,2.25,1.13
2013.09.09 19:40:11.799,0.74712,0.74742,2.25,1.13
2013.09.09 19:40:15.544,0.74712,0.74741,1.13,1.13
2013.09.09 19:40:22.985,0.74712,0.74742,1.50,1.13
2013.09.09 19:40:29.020,0.74712,0.74742,1.50,1.13
2013.09.09 19:40:29.910,0.74712,0.74742,1.88,1.13
2013.09.09 19:40:31.430,0.74712,0.74742,1.88,1.13
2013.09.09 19:40:32.050,0.74714,0.74745,1.13,1.13
2013.09.09 19:40:32.719,0.74714,0.74744,1.13,1.88
2013.09.09 19:40:33.919,0.74712,0.74744,1.13,1.88
2013.09.09 19:40:37.749,0.74714,0.74744,1.13,1.13
2013.09.09 19:40:37.949,0.74715,0.74744,1.13,1.13
2013.09.09 19:40:52.893,0.74713,0.74745,1.13,1.13
2013.09.09 19:40:55.329,0.74714,0.74744,1.13,1.13
2013.09.09 19:40:57.889,0.74714,0.74744,1.13,1.88
2013.09.09 19:41:18.630,0.74712,0.74739,1.50,1.13
2013.09.09 19:41:18.949,0.74706,0.74734,1.50,1.13
2013.09.09 19:41:19.270,0.74706,0.74734,1.13,1.88
2013.09.09 19:41:19.329,0.74706,0.74734,1.13,1.88
2013.09.09 19:41:19.389,0.74703,0.74733,1.13,1.13
2013.09.09 19:41:19.910,0.74703,0.74732,2.25,1.88
2013.09.09 19:41:20.570,0.74701,0.74731,2.25,1.13
2013.09.09 19:41:21.730,0.74701,0.74729,2.25,1.13
2013.09.09 19:41:22.560,0.74701,0.74728,1.13,1.13
2013.09.09 19:41:22.880,0.74699,0.74726,1.13,1.13
2013.09.09 19:41:43.210,0.74698,0.74726,1.13,1.13
2013.09.09 19:41:49.439,0.747,0.74726,1.13,1.13
2013.09.09 19:41:49.620,0.74701,0.74731,1.13,1.50
2013.09.09 19:41:49.679,0.74702,0.7473,1.50,1.13
2013.09.09 19:41:50.299,0.74703,0.74731,1.50,1.13
2013.09.09 19:42:01.859,0.74703,0.74732,1.13,1.13
2013.09.09 19:42:02.189,0.74702,0.74732,1.50,1.13
2013.09.09 19:42:08.501,0.74702,0.7473,1.50,1.13
2013.09.09 19:42:09.277,0.74702,0.74729,1.13,1.13
2013.09.09 19:42:10.244,0.74702,0.74729,1.88,1.13
2013.09.09 19:43:06.099,0.747,0.74728,1.13,1.13
2013.09.09 19:43:08.628,0.74698,0.74731,1.50,1.13
2013.09.09 19:43:23.311,0.74698,0.74729,1.50,1.13
2013.09.09 19:44:00.641,0.74699,0.7473,1.50,1.13
2013.09.09 19:44:00.880,0.74701,0.74733,1.50,1.13
2013.09.09 19:44:00.961,0.74702,0.74733,1.13,1.13
2013.09.09 19:44:01.149,0.74703,0.74733,1.50,1.88
2013.09.09 19:44:04.881,0.74704,0.74736,1.88,1.73
2013.09.09 19:44:20.450,0.74704,0.74733,1.13,1.13
2013.09.09 19:44:24.510,0.74704,0.74733,1.13,1.88
2013.09.09 19:44:31.273,0.74704,0.74733,1.13,1.13
2013.09.09 19:44:31.450,0.74704,0.74736,2.25,1.13
2013.09.09 19:44:51.681,0.74704,0.74735,1.13,1.13
2013.09.09 19:45:00.880,0.74704,0.74735,1.13,1.13
2013.09.09 19:45:01.000,0.74704,0.74735,1.13,1.13
2013.09.09 19:45:01.566,0.74701,0.7473,1.13,1.13
2013.09.09 19:45:11.350,0.74699,0.7473,1.13,1.13
2013.09.09 19:45:13.721,0.74697,0.74729,1.88,1.88
2013.09.09 19:45:13.840,0.74696,0.74728,1.13,1.13
2013.09.09 19:45:14.658,0.74696,0.74727,1.13,1.13
2013.09.09 19:45:18.661,0.74696,0.74728,1.88,1.13
2013.09.09 19:45:28.089,0.74696,0.74728,1.88,1.13
2013.09.09 19:45:56.189,0.74699,0.74728,1.13,1.13
2013.09.09 19:45:56.718,0.74701,0.74728,1.13,1.13
2013.09.09 19:45:59.692,0.74701,0.74729,1.13,1.13
2013.09.09 19:46:04.529,0.74703,0.74733,1.13,1.50
2013.09.09 19:46:07.037,0.74703,0.74733,1.13,1.50
2013.09.09 19:46:07.100,0.74703,0.74733,1.88,1.50
2013.09.09 19:46:10.569,0.74703,0.74734,1.13,2.25
2013.09.09 19:46:11.371,0.74705,0.74734,1.13,1.88
2013.09.09 19:46:11.489,0.74706,0.7474,1.50,2.07
2013.09.09 19:46:11.550,0.74707,0.74742,1.13,1.88
2013.09.09 19:46:11.670,0.74707,0.74744,1.13,3.00
2013.09.09 19:46:12.209,0.74707,0.74743,1.13,1.50
2013.09.09 19:46:16.561,0.74709,0.74743,1.50,1.50
2013.09.09 19:46:17.249,0.74712,0.74746,1.50,1.50
2013.09.09 19:46:20.554,0.74712,0.74746,1.88,1.50
2013.09.09 19:46:20.938,0.74712,0.74748,1.88,1.50
2013.09.09 19:46:25.961,0.74713,0.74748,1.13,1.88
2013.09.09 19:46:26.351,0.74713,0.74748,1.13,1.50
2013.09.09 19:46:27.109,0.74716,0.7475,2.25,1.88
2013.09.09 19:46:40.431,0.74715,0.74749,1.50,2.25
2013.09.09 19:46:40.979,0.74715,0.74749,1.50,1.50
2013.09.09 19:46:41.671,0.74715,0.74749,1.50,1.50
2013.09.09 19:46:43.089,0.74716,0.74751,1.50,1.50
2013.09.09 19:46:43.270,0.7472,0.74754,1.50,1.88
2013.09.09 19:46:44.541,0.7472,0.74754,1.50,1.88
2013.09.09 19:46:48.626,0.7472,0.74754,1.50,1.50
2013.09.09 19:46:49.070,0.7472,0.74754,1.50,1.50
2013.09.09 19:46:49.250,0.74724,0.74758,1.50,1.88
2013.09.09 19:46:49.309,0.74724,0.74758,1.50,1.50
2013.09.09 19:46:57.271,0.74724,0.74758,1.50,1.50
2013.09.09 19:46:57.870,0.74724,0.74758,1.50,1.50
2013.09.09 19:46:58.499,0.74723,0.74758,1.50,1.50
2013.09.09 19:46:59.129,0.74724,0.74758,1.50,1.50
2013.09.09 19:47:01.941,0.74721,0.74757,1.50,1.50
2013.09.09 19:47:19.500,0.74721,0.74757,1.50,1.50
2013.09.09 19:47:19.860,0.74721,0.74757,1.50,1.50
2013.09.09 19:47:20.820,0.74721,0.74757,1.50,1.50
2013.09.09 19:47:32.812,0.74721,0.74757,1.50,1.50
2013.09.09 19:47:39.820,0.7472,0.74758,1.13,1.13
2013.09.09 19:47:40.130,0.74721,0.74755,1.50,1.50
2013.09.09 19:47:46.079,0.74721,0.74752,1.50,1.50
2013.09.09 19:47:46.800,0.74721,0.74757,1.88,1.50
2013.09.09 19:47:47.039,0.74721,0.74753,1.88,1.50
2013.09.09 19:47:47.568,0.74721,0.74753,1.88,1.50
2013.09.09 19:48:02.960,0.74721,0.74753,1.88,1.50
2013.09.09 19:48:03.490,0.74721,0.74755,1.88,1.13
2013.09.09 19:48:04.850,0.74725,0.74756,1.50,1.13
2013.09.09 19:48:04.970,0.74725,0.74756,1.50,1.13
2013.09.09 19:48:05.558,0.74726,0.74757,1.13,1.50
2013.09.09 19:48:06.801,0.74726,0.74757,1.13,1.50
2013.09.09 19:48:07.350,0.74726,0.74757,1.13,1.50
2013.09.09 19:48:07.930,0.74726,0.74749,1.13,1.13
2013.09.09 19:48:08.050,0.74721,0.74748,1.13,4.50
2013.09.09 19:48:08.234,0.74722,0.7475,1.50,1.13
2013.09.09 19:48:08.290,0.74725,0.74756,1.50,1.13
2013.09.09 19:48:08.469,0.74725,0.74756,1.50,1.13
2013.09.09 19:48:08.771,0.74722,0.74754,1.13,1.50
2013.09.09 19:48:18.467,0.74722,0.74754,1.13,1.50
2013.09.09 19:48:27.450,0.74726,0.74754,1.13,1.50
2013.09.09 19:48:27.631,0.74727,0.74758,2.25,1.50
2013.09.09 19:48:27.870,0.74729,0.74764,1.50,1.50
2013.09.09 19:48:28.351,0.74727,0.7476,1.88,1.50
2013.09.09 19:48:29.523,0.74727,0.7476,1.13,1.50
2013.09.09 19:48:31.740,0.74726,0.7476,2.25,1.50
2013.09.09 19:48:35.240,0.74726,0.7476,1.88,1.50
2013.09.09 19:48:43.940,0.74726,0.7476,1.50,1.50
2013.09.09 19:48:44.372,0.74726,0.7476,2.25,1.50
2013.09.09 19:48:44.961,0.74728,0.7476,1.13,1.50
2013.09.09 19:48:46.181,0.7473,0.7476,1.50,1.50
2013.09.09 19:48:46.300,0.74732,0.74762,1.50,1.13
2013.09.09 19:48:46.360,0.74733,0.74763,1.13,1.88
2013.09.09 19:48:46.984,0.74733,0.74763,1.13,1.13
2013.09.09 19:48:54.020,0.74735,0.74765,1.50,1.13
2013.09.09 19:48:54.511,0.74736,0.74766,1.13,1.50
2013.09.09 19:48:54.819,0.74731,0.74763,1.13,1.13
2013.09.09 19:48:54.940,0.74729,0.74764,1.50,2.63
2013.09.09 19:48:55.060,0.74728,0.74762,1.50,1.50
2013.09.09 19:48:55.120,0.74726,0.74762,1.88,1.50
2013.09.09 19:48:55.201,0.74726,0.7476,1.13,1.50
2013.09.09 19:49:00.192,0.74726,0.7476,1.13,1.50
2013.09.09 19:49:00.371,0.74724,0.74757,1.50,1.13
2013.09.09 19:49:00.551,0.74722,0.74756,1.13,1.88
2013.09.09 19:49:01.267,0.74721,0.74753,1.50,1.50
2013.09.09 19:49:03.390,0.74719,0.74753,1.13,1.50
2013.09.09 19:49:03.900,0.74719,0.74753,2.25,1.50
2013.09.09 19:49:05.202,0.74719,0.74753,1.13,1.50
2013.09.09 19:49:05.928,0.74722,0.74753,1.50,1.13
2013.09.09 19:49:10.170,0.74721,0.74753,1.13,1.50
2013.09.09 19:49:10.350,0.74718,0.7475,1.13,1.50
2013.09.09 19:49:10.919,0.74718,0.74752,1.13,1.50
2013.09.09 19:49:12.131,0.74716,0.74752,1.13,1.88
2013.09.09 19:49:15.410,0.74716,0.74752,1.13,1.50
2013.09.09 19:49:15.991,0.74716,0.74752,1.88,1.50
2013.09.09 19:49:19.420,0.74716,0.74752,1.88,1.50
2013.09.09 19:49:19.581,0.7472,0.74752,1.50,1.50
2013.09.09 19:49:20.248,0.74718,0.74753,1.13,1.50
2013.09.09 19:49:39.981,0.74717,0.74751,1.50,1.50
2013.09.09 19:50:00.317,0.74717,0.74751,1.50,1.50
2013.09.09 19:50:21.070,0.74717,0.74751,1.50,1.50
2013.09.09 19:50:24.730,0.74717,0.74753,1.88,1.50
2013.09.09 19:50:25.040,0.74719,0.74754,1.50,2.25
2013.09.09 19:50:25.101,0.74719,0.74753,1.50,1.50
2013.09.09 19:50:26.449,0.74719,0.74754,1.50,1.88
2013.09.09 19:50:26.760,0.74724,0.74755,1.13,1.13
2013.09.09 19:50:27.750,0.74724,0.74759,1.13,2.25
2013.09.09 19:50:28.110,0.74729,0.74759,1.13,1.50
2013.09.09 19:50:28.290,0.7473,0.74764,1.13,1.50
2013.09.09 19:50:28.719,0.7473,0.74764,1.13,1.50
2013.09.09 19:50:29.040,0.74728,0.74763,1.13,1.50
2013.09.09 19:50:29.161,0.74728,0.7476,1.13,1.13
2013.09.09 19:50:29.550,0.74732,0.74758,1.13,1.13
2013.09.09 19:50:29.730,0.74734,0.74762,1.13,1.13
2013.09.09 19:50:29.790,0.74734,0.74763,1.13,1.88
2013.09.09 19:50:29.850,0.74729,0.74763,1.50,1.13
2013.09.09 19:50:30.536,0.74733,0.74763,1.13,1.13
2013.09.09 19:50:30.770,0.74741,0.74765,1.13,1.50
2013.09.09 19:50:30.830,0.74741,0.74764,1.13,1.13
2013.09.09 19:50:31.190,0.74738,0.74772,1.13,1.50
2013.09.09 19:50:31.250,0.74738,0.74772,1.88,1.50
2013.09.09 19:50:31.471,0.74743,0.74772,1.50,1.50
2013.09.09 19:50:32.022,0.74743,0.74772,1.50,1.50
2013.09.09 19:50:32.481,0.74743,0.74771,1.13,1.13
2013.09.09 19:50:33.651,0.74743,0.74772,1.13,1.88
2013.09.09 19:50:33.810,0.74744,0.74774,1.13,1.50
2013.09.09 19:50:34.407,0.74748,0.74774,1.13,1.50
2013.09.09 19:50:34.737,0.74746,0.74774,1.13,1.50
2013.09.09 19:50:35.040,0.74753,0.74778,1.13,1.50
2013.09.09 19:50:35.100,0.74753,0.74778,1.13,1.50
2013.09.09 19:50:35.220,0.74756,0.74777,1.13,1.50
2013.09.09 19:50:35.402,0.74756,0.74783,1.13,1.50
2013.09.09 19:50:35.521,0.74752,0.74783,1.73,1.50
2013.09.09 19:50:35.730,0.74749,0.74783,1.35,1.50
2013.09.09 19:50:35.910,0.74749,0.74782,1.35,1.50
2013.09.09 19:50:36.460,0.74749,0.7478,1.35,1.50
2013.09.09 19:50:36.870,0.74749,0.74781,1.35,1.50
2013.09.09 19:50:37.120,0.74755,0.74784,2.10,2.25
2013.09.09 19:50:37.430,0.7475,0.74783,1.35,1.50
2013.09.09 19:50:38.310,0.7475,0.74783,1.35,1.50
2013.09.09 19:50:38.430,0.7475,0.74783,1.54,1.50
2013.09.09 19:50:43.901,0.7475,0.74784,1.35,1.88
2013.09.09 19:50:44.891,0.7475,0.74784,2.10,1.88
2013.09.09 19:50:48.961,0.7475,0.74784,2.10,1.88
2013.09.09 19:50:50.650,0.7475,0.74783,1.35,1.50
2013.09.09 19:50:50.770,0.74748,0.74778,1.50,1.13
2013.09.09 19:50:51.182,0.74744,0.74776,1.50,1.13
2013.09.09 19:50:52.553,0.74744,0.74776,1.50,1.13
2013.09.09 19:50:54.921,0.74743,0.74777,1.50,1.88
2013.09.09 19:50:55.709,0.74743,0.74777,1.50,1.13
2013.09.09 19:50:56.271,0.74743,0.74777,1.50,1.13
2013.09.09 19:50:59.031,0.74751,0.74778,2.10,1.13
2013.09.09 19:50:59.331,0.7475,0.74783,1.88,1.13
2013.09.09 19:50:59.397,0.7475,0.74783,1.88,1.88
2013.09.09 19:50:59.641,0.74749,0.74782,1.13,1.13
2013.09.09 19:50:59.765,0.74746,0.74781,1.50,1.50
2013.09.09 19:51:00.100,0.74744,0.74776,1.88,1.13
2013.09.09 19:51:01.171,0.74744,0.74776,1.88,1.13
2013.09.09 19:51:01.411,0.74752,0.74783,1.58,1.50
2013.09.09 19:51:01.531,0.74752,0.74783,2.33,1.50
2013.09.09 19:51:01.591,0.74752,0.74783,1.13,1.50
2013.09.09 19:51:01.651,0.74749,0.74778,1.13,1.13
2013.09.09 19:51:01.742,0.74746,0.74778,1.50,1.13
2013.09.09 19:51:02.081,0.74746,0.74778,1.50,1.13
2013.09.09 19:51:03.311,0.74752,0.74778,1.13,1.50
2013.09.09 19:51:04.612,0.74752,0.74783,1.50,1.50
2013.09.09 19:51:04.911,0.74754,0.74787,1.35,1.50
2013.09.09 19:51:05.031,0.74758,0.74787,1.13,1.13
2013.09.09 19:51:06.673,0.74762,0.74782,1.13,1.50
2013.09.09 19:51:07.142,0.74761,0.74785,1.13,1.50
2013.09.09 19:51:08.122,0.74754,0.74783,1.35,1.50
2013.09.09 19:51:14.372,0.74754,0.74784,1.35,1.50
2013.09.09 19:51:14.551,0.74747,0.74783,1.69,1.35
2013.09.09 19:51:14.611,0.74747,0.74781,1.69,1.13
2013.09.09 19:51:14.671,0.74747,0.74781,1.13,1.13
2013.09.09 19:51:14.731,0.74746,0.74776,1.13,1.13
2013.09.09 19:51:14.791,0.74746,0.74776,1.13,1.13
2013.09.09 19:51:15.033,0.74742,0.74774,2.44,1.13
2013.09.09 19:51:18.875,0.74745,0.74776,1.13,1.88
2013.09.09 19:51:19.613,0.74746,0.74776,1.13,1.13
2013.09.09 19:51:19.912,0.74756,0.74785,1.13,2.10
2013.09.09 19:51:20.092,0.74753,0.74783,1.13,1.43
2013.09.09 19:51:20.151,0.74751,0.74783,1.13,1.80
2013.09.09 19:51:20.211,0.74749,0.7478,1.50,1.13
2013.09.09 19:51:20.571,0.74747,0.74781,1.13,1.13
2013.09.09 19:51:21.752,0.74749,0.74779,1.13,1.13
2013.09.09 19:51:22.051,0.74759,0.74787,1.13,1.35
2013.09.09 19:51:22.412,0.74758,0.74788,1.13,2.10
2013.09.09 19:51:22.472,0.74758,0.74789,1.13,2.25
2013.09.09 19:51:23.070,0.74758,0.74789,1.13,2.25
2013.09.09 19:51:25.821,0.74758,0.74789,1.13,1.50
2013.09.09 19:51:26.453,0.74761,0.74794,1.13,1.88
2013.09.09 19:51:26.951,0.74761,0.7479,1.13,1.50
2013.09.09 19:51:27.131,0.74763,0.74794,1.13,1.88
2013.09.09 19:51:27.691,0.74765,0.74795,1.50,1.50
2013.09.09 19:51:28.362,0.74765,0.74795,1.50,1.50
2013.09.09 19:51:30.835,0.74762,0.74789,1.88,1.50
2013.09.09 19:51:31.529,0.74762,0.74789,1.88,1.50
2013.09.09 19:51:32.530,0.74762,0.74789,1.88,1.50
2013.09.09 19:51:33.073,0.74762,0.74789,2.07,1.50
2013.09.09 19:51:36.173,0.74762,0.74797,1.88,1.50
2013.09.09 19:51:36.291,0.74762,0.74797,1.88,1.88
2013.09.09 19:51:36.471,0.74761,0.74797,1.32,1.88
2013.09.09 19:51:36.651,0.74757,0.74794,1.13,1.13
2013.09.09 19:51:37.071,0.74753,0.74786,1.50,1.13
2013.09.09 19:51:37.571,0.74751,0.74786,1.13,1.13
2013.09.09 19:51:38.981,0.74757,0.74786,1.17,1.13
2013.09.09 19:51:39.042,0.74762,0.74794,4.88,1.13
2013.09.09 19:51:39.161,0.74763,0.74793,1.50,1.50
2013.09.09 19:51:39.282,0.74759,0.74793,1.13,1.50
2013.09.09 19:51:39.401,0.74757,0.74792,1.69,1.13
2013.09.09 19:51:39.461,0.74757,0.74791,1.69,1.13
2013.09.09 19:51:39.821,0.74753,0.74788,1.88,1.88
2013.09.09 19:51:44.411,0.74753,0.74787,1.88,1.88
2013.09.09 19:51:45.942,0.74757,0.74787,1.50,1.13
2013.09.09 19:51:46.301,0.74761,0.74793,1.69,1.50
2013.09.09 19:51:46.997,0.74762,0.74797,1.88,1.50
2013.09.09 19:51:49.151,0.74765,0.74797,1.69,1.50
2013.09.09 19:51:49.277,0.74771,0.748,4.13,1.13
2013.09.09 19:51:49.451,0.74771,0.748,3.75,1.13
2013.09.09 19:51:49.512,0.74765,0.748,2.44,1.13
2013.09.09 19:51:49.632,0.74765,0.748,1.50,1.13
2013.09.09 19:52:04.493,0.74761,0.74799,1.50,1.50
2013.09.09 19:52:04.856,0.74763,0.74799,2.07,1.50
2013.09.09 19:52:04.913,0.74763,0.74799,2.07,1.50
2013.09.09 19:52:07.392,0.74763,0.74799,2.07,1.50
2013.09.09 19:52:09.263,0.74763,0.74799,1.13,1.50
2013.09.09 19:52:19.261,0.74761,0.74799,2.25,1.50
2013.09.09 19:52:19.321,0.74761,0.74796,2.25,1.13
2013.09.09 19:52:19.381,0.74761,0.74796,2.25,1.13
2013.09.09 19:52:19.501,0.74759,0.74793,1.50,1.50
2013.09.09 19:52:20.001,0.74755,0.74788,1.13,1.13
2013.09.09 19:52:20.242,0.74751,0.74788,1.13,1.13
2013.09.09 19:52:20.301,0.74751,0.74785,1.13,1.13
2013.09.09 19:52:20.422,0.74755,0.74785,2.67,1.13
2013.09.09 19:52:20.542,0.74765,0.74787,1.02,1.50
2013.09.09 19:52:20.602,0.74765,0.74793,1.02,1.50
2013.09.09 19:52:20.781,0.74763,0.74794,1.13,1.88
2013.09.09 19:52:20.961,0.74762,0.74793,1.13,1.13
2013.09.09 19:52:21.262,0.74761,0.74793,1.13,1.50
2013.09.09 19:52:22.153,0.7476,0.74793,1.50,1.50
2013.09.09 19:52:22.511,0.74764,0.74793,1.13,1.50
2013.09.09 19:52:22.641,0.74765,0.74791,1.13,1.50
2013.09.09 19:52:22.821,0.74765,0.74793,1.13,1.50
2013.09.09 19:52:23.052,0.74764,0.74793,1.13,1.50
2013.09.09 19:52:25.822,0.74764,0.74793,1.13,1.50
2013.09.09 19:52:28.522,0.74764,0.74793,1.13,1.13
2013.09.09 19:52:39.662,0.74763,0.74798,1.13,1.50
2013.09.09 19:52:40.273,0.74762,0.74798,1.50,1.50
2013.09.09 19:52:43.691,0.74762,0.74798,1.50,1.50
2013.09.09 19:52:43.871,0.74762,0.74798,2.82,1.50
2013.09.09 19:52:43.931,0.74762,0.74798,2.82,1.50
2013.09.09 19:52:44.311,0.74762,0.74798,1.69,1.13
2013.09.09 19:52:45.431,0.74762,0.74798,1.69,1.50
2013.09.09 19:52:52.301,0.74761,0.74793,2.25,1.13
2013.09.09 19:52:52.601,0.74757,0.74793,1.69,1.50
2013.09.09 19:52:53.212,0.74752,0.74789,3.19,1.50
2013.09.09 19:52:54.122,0.74753,0.74789,1.50,1.50
2013.09.09 19:52:54.421,0.74766,0.74799,1.02,2.25
2013.09.09 19:52:54.713,0.74766,0.74794,1.77,1.50
2013.09.09 19:52:55.221,0.74768,0.74798,1.35,1.50
2013.09.09 19:52:55.281,0.74768,0.74798,1.35,1.50
2013.09.09 19:52:57.243,0.74768,0.74798,2.10,1.50
2013.09.09 19:52:57.653,0.7477,0.74798,1.17,1.50
2013.09.09 19:52:57.711,0.74768,0.74798,1.69,1.50
2013.09.09 19:53:01.591,0.7477,0.74798,1.17,2.25
2013.09.09 19:53:02.193,0.7477,0.74798,1.17,1.50
2013.09.09 19:53:02.314,0.74767,0.74798,1.50,1.50
2013.09.09 19:53:03.011,0.74764,0.74798,1.13,1.13
2013.09.09 19:53:04.813,0.74765,0.74798,1.88,1.13
2013.09.09 19:53:05.314,0.74767,0.74797,1.50,1.13
2013.09.09 19:53:07.451,0.74771,0.74798,1.32,1.13
2013.09.09 19:53:07.751,0.74777,0.74808,1.50,1.50
2013.09.09 19:53:08.182,0.74777,0.74808,1.50,1.50
2013.09.09 19:53:08.301,0.74777,0.74803,1.13,1.13
2013.09.09 19:53:08.421,0.74773,0.74803,1.50,1.13
2013.09.09 19:53:08.542,0.74771,0.74802,1.13,1.13
2013.09.09 19:53:08.904,0.74771,0.74801,1.13,1.50
2013.09.09 19:53:11.702,0.74767,0.74799,1.88,1.88
2013.09.09 19:53:12.141,0.74767,0.74798,1.13,1.13
2013.09.09 19:53:12.261,0.74766,0.74802,1.13,1.13
2013.09.09 19:53:12.411,0.7477,0.74802,1.13,1.13
2013.09.09 19:53:12.973,0.74771,0.74803,1.13,1.88
2013.09.09 19:53:13.411,0.74767,0.74803,1.50,1.13
2013.09.09 19:53:14.040,0.74767,0.74803,1.50,1.13
2013.09.09 19:53:16.831,0.74776,0.74803,1.13,1.13
2013.09.09 19:53:17.874,0.74776,0.74803,1.13,1.13
2013.09.09 19:53:18.365,0.74771,0.74803,1.13,1.13
2013.09.09 19:53:18.481,0.74775,0.74806,1.13,1.13
2013.09.09 19:53:18.811,0.74773,0.74811,1.54,1.13
2013.09.09 19:53:18.941,0.74782,0.74815,1.13,2.25
2013.09.09 19:53:19.061,0.74785,0.74817,1.50,1.88
2013.09.09 19:53:19.353,0.74785,0.74817,1.50,1.88
2013.09.09 19:53:19.472,0.74781,0.74813,1.35,1.88
2013.09.09 19:53:20.162,0.7478,0.74813,1.13,1.88
2013.09.09 19:53:20.691,0.74774,0.74811,1.32,1.13
2013.09.09 19:53:25.403,0.74774,0.74808,1.32,1.13
2013.09.09 19:53:26.132,0.74774,0.74808,1.32,1.13
2013.09.09 19:53:29.711,0.74774,0.74808,1.13,1.13
2013.09.09 19:53:29.927,0.74774,0.74808,1.13,1.88
2013.09.09 19:53:30.391,0.74777,0.74808,1.13,2.63
2013.09.09 19:53:31.166,0.74777,0.74808,1.13,2.63
2013.09.09 19:53:33.741,0.74784,0.74808,1.13,1.13
2013.09.09 19:53:33.801,0.74787,0.74815,1.13,1.50
2013.09.09 19:53:34.162,0.74791,0.74818,1.13,1.50
2013.09.09 19:53:34.592,0.74783,0.74812,1.13,1.13
2013.09.09 19:53:34.653,0.74783,0.74812,1.13,1.13
2013.09.09 19:53:35.482,0.74783,0.74814,1.13,1.13
2013.09.09 19:53:35.602,0.74783,0.74813,1.13,1.50
2013.09.09 19:53:36.575,0.74783,0.74813,1.13,1.50
2013.09.09 19:53:36.901,0.74784,0.74814,1.13,1.13
2013.09.09 19:53:39.461,0.74784,0.74815,1.13,1.50
2013.09.09 19:53:39.624,0.74784,0.74816,1.13,1.50
2013.09.09 19:53:40.189,0.74784,0.74816,1.13,1.88
2013.09.09 19:53:43.102,0.74785,0.74816,1.13,1.88
2013.09.09 19:53:43.162,0.74793,0.7482,4.50,1.50
2013.09.09 19:53:43.402,0.74793,0.74821,1.13,1.50
2013.09.09 19:53:43.462,0.74791,0.7482,1.69,1.13
2013.09.09 19:53:43.641,0.74786,0.74816,1.13,1.50
2013.09.09 19:53:43.701,0.74786,0.7482,1.13,1.13
2013.09.09 19:53:43.822,0.74786,0.74818,1.13,1.13
2013.09.09 19:53:43.942,0.74786,0.74816,1.13,1.50
2013.09.09 19:53:44.062,0.74785,0.74813,1.13,1.50
2013.09.09 19:53:45.857,0.74785,0.74816,1.88,1.13
2013.09.09 19:53:46.144,0.74785,0.74816,1.88,1.13
2013.09.09 19:53:46.266,0.74791,0.74824,1.13,2.44
2013.09.09 19:53:46.562,0.74795,0.74828,1.13,1.50
2013.09.09 19:53:47.012,0.74791,0.74818,1.32,1.13
2013.09.09 19:53:47.071,0.74788,0.74818,1.13,1.13
2013.09.09 19:53:47.311,0.74788,0.74817,1.50,1.13
2013.09.09 19:53:47.431,0.74785,0.74818,1.13,1.50
2013.09.09 19:53:49.172,0.74781,0.74816,1.13,1.13
2013.09.09 19:53:51.208,0.74781,0.74816,1.13,1.13
2013.09.09 19:53:51.892,0.74786,0.74816,1.13,1.13
2013.09.09 19:53:52.632,0.74786,0.74815,1.13,1.13
2013.09.09 19:53:53.221,0.74786,0.74818,1.13,1.13
2013.09.09 19:53:53.423,0.74789,0.74818,1.13,1.88
2013.09.09 19:53:54.333,0.74786,0.74818,1.13,1.13
2013.09.09 19:54:00.531,0.74785,0.74818,1.13,1.13
2013.09.09 19:54:01.032,0.74789,0.74818,1.13,1.13
2013.09.09 19:54:01.872,0.74789,0.74819,1.13,1.13
2013.09.09 19:54:02.302,0.74794,0.74823,1.13,1.13
2013.09.09 19:54:05.393,0.74794,0.74823,1.13,1.13
2013.09.09 19:54:06.394,0.74796,0.74823,1.13,1.13
2013.09.09 19:54:06.511,0.74798,0.74824,1.13,1.13
2013.09.09 19:54:06.811,0.74801,0.74828,1.13,1.13
2013.09.09 19:54:14.259,0.74801,0.74828,1.05,1.13
2013.09.09 19:54:15.463,0.74801,0.74828,1.13,1.13
2013.09.09 19:54:18.973,0.74801,0.74828,1.13,1.13
2013.09.09 19:54:22.552,0.74804,0.74829,1.13,1.13
2013.09.09 19:54:22.852,0.74805,0.74836,1.13,1.13
2013.09.09 19:54:24.812,0.74808,0.74837,1.13,1.13
2013.09.09 19:54:24.992,0.74803,0.74835,1.13,1.88
2013.09.09 19:54:26.362,0.74804,0.74828,1.13,1.13
2013.09.09 19:54:26.842,0.74804,0.74829,1.13,1.13
2013.09.09 19:54:27.634,0.74804,0.74829,1.13,1.13
2013.09.09 19:54:27.955,0.74804,0.74828,1.13,1.13
2013.09.09 19:54:28.173,0.74804,0.74828,1.13,1.13
2013.09.09 19:54:28.609,0.74804,0.74829,1.13,1.13
2013.09.09 19:54:31.821,0.74803,0.74829,1.13,1.13
2013.09.09 19:54:44.972,0.74802,0.74829,1.13,1.13
2013.09.09 19:54:48.922,0.74805,0.74828,1.50,1.13
2013.09.09 19:54:58.171,0.74805,0.74828,1.50,1.73
2013.09.09 19:54:58.232,0.74796,0.74824,1.69,1.13
2013.09.09 19:54:58.292,0.74793,0.74824,1.13,1.13
2013.09.09 19:54:58.591,0.74791,0.74824,2.63,1.88
2013.09.09 19:54:58.781,0.7479,0.74819,1.13,1.13
2013.09.09 19:54:58.981,0.7479,0.7482,1.13,1.13
2013.09.09 19:54:59.338,0.74791,0.74824,1.50,1.73
2013.09.09 19:55:00.202,0.74794,0.74826,1.88,1.88
2013.09.09 19:55:00.322,0.74799,0.74829,1.50,1.13
2013.09.09 19:55:00.382,0.74802,0.74831,1.13,1.50
2013.09.09 19:55:00.892,0.74804,0.74833,1.13,1.35
2013.09.09 19:55:05.993,0.74804,0.74833,1.13,1.35
2013.09.09 19:55:06.676,0.74804,0.74833,1.13,1.35
2013.09.09 19:55:06.793,0.74804,0.74833,1.13,1.35
2013.09.09 19:55:08.274,0.74804,0.74833,1.13,1.35
2013.09.09 19:55:10.765,0.74803,0.74831,1.13,1.13
2013.09.09 19:55:11.003,0.74803,0.74831,1.50,1.13
2013.09.09 19:55:11.062,0.74804,0.74831,1.50,1.13
2013.09.09 19:55:11.383,0.74804,0.74834,1.50,1.13
2013.09.09 19:55:11.562,0.74806,0.74834,1.13,1.50
2013.09.09 19:55:11.622,0.74806,0.74832,1.13,1.13
2013.09.09 19:55:11.802,0.74796,0.74829,1.13,1.50
2013.09.09 19:55:12.122,0.74792,0.74824,1.13,1.13
2013.09.09 19:55:12.833,0.74792,0.74824,1.13,1.50
2013.09.09 19:55:13.293,0.74792,0.74828,1.13,1.50
2013.09.09 19:55:13.803,0.7479,0.74828,1.13,1.50
2013.09.09 19:55:14.363,0.74792,0.74828,1.13,1.50
2013.09.09 19:55:14.763,0.74803,0.74828,5.63,1.13
2013.09.09 19:55:14.891,0.74802,0.74828,5.63,1.13
2013.09.09 19:55:15.953,0.74803,0.74834,5.63,1.13
2013.09.09 19:55:16.023,0.74803,0.74834,5.63,1.13
2013.09.09 19:55:16.562,0.74803,0.74834,5.63,1.13
2013.09.09 19:55:17.462,0.74803,0.74834,5.63,1.13
2013.09.09 19:55:18.433,0.74806,0.74834,1.50,1.13
2013.09.09 19:55:20.081,0.74806,0.74834,1.50,1.13
2013.09.09 19:55:20.604,0.74806,0.74834,1.50,1.13
2013.09.09 19:55:21.971,0.74806,0.74834,1.50,1.13
2013.09.09 19:55:27.424,0.74802,0.74834,5.63,1.13
2013.09.09 19:55:29.792,0.74802,0.74834,1.50,1.13
2013.09.09 19:55:31.723,0.74802,0.74833,1.88,1.13
2013.09.09 19:55:32.021,0.74801,0.74828,1.13,1.13
2013.09.09 19:55:32.833,0.748,0.74828,1.50,1.13
2013.09.09 19:55:34.393,0.748,0.74828,1.50,1.13
2013.09.09 19:55:34.932,0.748,0.74828,1.50,1.13
2013.09.09 19:55:34.992,0.74799,0.74828,1.50,1.13
2013.09.09 19:55:42.371,0.74802,0.74828,1.13,1.13
2013.09.09 19:55:43.176,0.74802,0.74828,1.88,1.13
2013.09.09 19:55:45.183,0.74802,0.74828,1.13,1.13
2013.09.09 19:55:46.604,0.74802,0.74828,1.50,1.13
2013.09.09 19:55:46.663,0.74802,0.74828,1.50,1.13
2013.09.09 19:55:46.844,0.74803,0.74828,1.88,1.13
2013.09.09 19:55:57.371,0.74802,0.74828,2.63,1.13
2013.09.09 19:56:00.931,0.74803,0.74828,1.13,1.13
2013.09.09 19:56:02.242,0.74803,0.74829,1.13,1.13
2013.09.09 19:56:02.773,0.74803,0.74834,1.13,1.50
2013.09.09 19:56:04.744,0.74805,0.74834,1.50,1.50
2013.09.09 19:56:06.653,0.74804,0.74834,1.13,1.13
2013.09.09 19:56:06.772,0.74804,0.74834,1.50,1.50
2013.09.09 19:56:06.892,0.74804,0.74834,1.13,1.13
2013.09.09 19:56:08.613,0.74803,0.74833,1.50,1.13
2013.09.09 19:56:08.732,0.74802,0.74833,1.13,1.50
2013.09.09 19:56:09.222,0.74796,0.74829,1.50,1.50
2013.09.09 19:56:09.282,0.74794,0.74829,2.25,1.50
2013.09.09 19:56:11.871,0.74793,0.74828,1.13,1.50
2013.09.09 19:56:12.551,0.74793,0.74824,1.13,1.50
2013.09.09 19:56:14.092,0.7479,0.74822,1.50,1.13
2013.09.09 19:56:14.152,0.7479,0.74822,1.13,1.13
2013.09.09 19:56:14.512,0.74791,0.74819,1.13,1.13
2013.09.09 19:56:19.132,0.74789,0.74819,1.13,1.13
2013.09.09 19:56:29.912,0.74786,0.74819,1.13,1.13
2013.09.09 19:56:31.292,0.74786,0.74819,1.88,1.13
2013.09.09 19:56:33.313,0.74789,0.74821,1.50,1.13
2013.09.09 19:56:38.892,0.74789,0.74819,1.50,1.13
2013.09.09 19:56:42.332,0.74789,0.74818,1.50,1.50
2013.09.09 19:56:42.572,0.74786,0.74818,1.50,1.13
2013.09.09 19:56:43.142,0.74787,0.74818,1.13,1.13
2013.09.09 19:56:48.226,0.74787,0.74818,1.13,1.13
2013.09.09 19:56:49.862,0.74787,0.74819,1.13,1.13
2013.09.09 19:56:59.226,0.74787,0.74819,1.13,1.13
2013.09.09 19:56:59.777,0.74786,0.74819,1.50,1.13
2013.09.09 19:57:00.120,0.74785,0.74816,1.50,1.13
2013.09.09 19:57:04.292,0.74786,0.74819,1.50,1.13
2013.09.09 19:57:09.938,0.74786,0.74819,1.50,1.13
2013.09.09 19:57:13.351,0.74786,0.74819,1.50,1.13
2013.09.09 19:57:18.263,0.74786,0.74819,1.50,1.13
2013.09.09 19:57:20.492,0.74786,0.74819,1.50,1.13
2013.09.09 19:57:22.763,0.74787,0.74819,1.13,1.13
2013.09.09 19:57:32.152,0.74787,0.74819,1.13,1.13
2013.09.09 19:57:45.382,0.74786,0.74819,2.25,1.13
2013.09.09 19:57:45.442,0.74788,0.74819,1.13,1.13
2013.09.09 19:57:51.142,0.74788,0.74819,1.13,1.13
2013.09.09 19:57:54.182,0.74788,0.74819,1.13,1.13
2013.09.09 19:57:54.729,0.74786,0.74819,1.50,1.13
2013.09.09 19:57:55.864,0.74786,0.74819,1.50,1.88
2013.09.09 19:58:01.093,0.74786,0.74819,1.50,1.13
2013.09.09 19:58:04.004,0.74786,0.74818,1.50,1.13
2013.09.09 19:58:04.123,0.74785,0.74816,1.88,1.13
2013.09.09 19:58:04.372,0.74784,0.74815,1.13,1.13
2013.09.09 19:58:04.692,0.74783,0.74819,1.13,1.50
2013.09.09 19:58:05.832,0.74783,0.74819,1.13,1.50
2013.09.09 19:58:06.439,0.74783,0.74811,1.13,1.13
2013.09.09 19:58:08.745,0.74783,0.74819,1.13,1.50
2013.09.09 19:58:14.702,0.74783,0.74815,1.13,1.50
2013.09.09 19:58:19.734,0.74783,0.74817,1.13,3.00
2013.09.09 19:58:20.095,0.74784,0.74818,1.50,1.88
2013.09.09 19:58:20.222,0.74787,0.74818,1.50,1.88
2013.09.09 19:58:20.502,0.74787,0.74818,1.50,1.88
2013.09.09 19:58:20.772,0.74784,0.74819,1.50,2.63
2013.09.09 19:58:21.456,0.74783,0.74818,1.13,1.13
2013.09.09 19:58:22.073,0.74783,0.74818,1.13,1.50
2013.09.09 19:58:36.764,0.74787,0.74818,1.50,2.63
2013.09.09 19:58:36.883,0.74788,0.74818,1.13,2.63
2013.09.09 19:58:37.182,0.7479,0.74823,1.50,1.13
2013.09.09 19:58:39.195,0.7479,0.74823,1.50,1.13
2013.09.09 19:58:39.434,0.7479,0.74819,1.50,1.13
2013.09.09 19:58:39.674,0.74788,0.74819,1.88,1.88
2013.09.09 19:59:00.163,0.74788,0.74819,1.13,1.88
2013.09.09 19:59:00.432,0.74787,0.74819,1.13,1.88
2013.09.09 19:59:00.582,0.74787,0.74819,1.13,2.63
2013.09.09 19:59:00.683,0.74787,0.74814,1.13,1.13
2013.09.09 19:59:02.223,0.74787,0.74818,1.13,4.88
2013.09.09 19:59:02.542,0.74787,0.74819,1.13,2.63
2013.09.09 19:59:02.813,0.74787,0.74819,1.13,2.63
2013.09.09 19:59:03.598,0.74787,0.74818,1.13,4.88
2013.09.09 19:59:07.828,0.74787,0.74818,1.88,1.13
2013.09.09 19:59:09.892,0.74787,0.74818,1.50,1.13
2013.09.09 19:59:10.073,0.74787,0.74818,1.50,1.13
2013.09.09 19:59:10.235,0.74785,0.74816,1.88,1.13
2013.09.09 19:59:13.082,0.74786,0.74814,1.50,1.13
2013.09.09 19:59:13.452,0.74788,0.74818,1.50,1.13
2013.09.09 19:59:13.632,0.74788,0.74818,1.50,1.13
2013.09.09 19:59:14.574,0.74788,0.74818,1.50,1.13
2013.09.09 19:59:15.893,0.74788,0.74818,1.50,1.13
2013.09.09 19:59:16.663,0.74788,0.74818,1.50,1.13
2013.09.09 19:59:17.692,0.74788,0.74818,1.50,1.13
2013.09.09 19:59:18.350,0.74788,0.74818,1.50,1.13
2013.09.09 19:59:20.762,0.74792,0.74818,1.50,1.50
2013.09.09 19:59:21.752,0.74792,0.74819,1.50,1.50
2013.09.09 19:59:22.604,0.74791,0.74819,1.13,1.50
2013.09.09 19:59:23.416,0.74791,0.74819,1.13,1.50
2013.09.09 19:59:23.544,0.74791,0.74819,1.88,1.50
2013.09.09 19:59:24.093,0.74793,0.74819,1.50,1.13
2013.09.09 19:59:24.633,0.74793,0.74824,1.50,1.13
2013.09.09 19:59:24.812,0.74791,0.74819,1.88,1.50
2013.09.09 19:59:25.333,0.74791,0.74819,2.25,1.13
2013.09.09 19:59:25.895,0.74792,0.74819,1.50,1.13
2013.09.09 19:59:32.234,0.74795,0.74823,1.50,1.13
2013.09.09 19:59:32.798,0.74794,0.74823,1.50,1.13
2013.09.09 19:59:36.102,0.74795,0.74823,1.50,1.50
2013.09.09 19:59:36.223,0.7479,0.7482,1.50,1.13
2013.09.09 19:59:36.880,0.74786,0.7482,1.88,1.88
2013.09.09 19:59:38.888,0.74786,0.74818,1.88,1.50
2013.09.09 19:59:42.907,0.74787,0.7482,1.50,1.88
2013.09.09 19:59:43.024,0.74785,0.74817,1.13,1.13
2013.09.09 19:59:59.913,0.74784,0.74814,2.63,1.50
