2012.12.31 15:00:00.162,0.75165,0.75194,1.58,1.13
2012.12.31 15:00:00.342,0.7517,0.75202,1.54,1.35
2012.12.31 15:00:00.462,0.7517,0.75202,1.54,1.13
2012.12.31 15:00:00.526,0.7517,0.75203,1.54,1.32
2012.12.31 15:00:01.069,0.7517,0.75203,1.54,1.54
2012.12.31 15:00:01.496,0.7517,0.75208,1.54,2.10
2012.12.31 15:00:01.921,0.7517,0.75203,1.54,1.32
2012.12.31 15:00:01.981,0.7517,0.75203,1.54,1.54
2012.12.31 15:00:02.512,0.75167,0.75202,1.54,1.54
2012.12.31 15:00:04.133,0.75166,0.75202,1.17,1.54
2012.12.31 15:00:04.253,0.75165,0.75197,1.39,1.54
2012.12.31 15:00:04.312,0.75165,0.75199,2.14,1.54
2012.12.31 15:00:04.372,0.75165,0.75199,1.58,1.54
2012.12.31 15:00:04.673,0.75161,0.75194,1.58,1.32
2012.12.31 15:00:05.572,0.75161,0.75192,2.33,1.32
2012.12.31 15:00:05.693,0.75166,0.75197,1.58,1.35
2012.12.31 15:00:06.221,0.75166,0.75197,1.58,1.35
2012.12.31 15:00:06.342,0.75166,0.75197,1.58,1.35
2012.12.31 15:00:08.673,0.75166,0.75193,1.58,1.32
2012.12.31 15:00:08.732,0.75166,0.75193,1.58,1.32
2012.12.31 15:00:09.173,0.75166,0.75193,1.58,1.32
2012.12.31 15:00:12.634,0.75162,0.75192,1.58,1.32
2012.12.31 15:00:14.662,0.75166,0.75197,1.58,1.35
2012.12.31 15:00:15.273,0.75166,0.75198,1.58,1.88
2012.12.31 15:00:17.403,0.75166,0.75198,1.58,2.10
2012.12.31 15:00:21.544,0.75166,0.75197,1.58,1.35
2012.12.31 15:00:22.842,0.75166,0.75198,1.58,1.54
2012.12.31 15:00:29.054,0.75166,0.75198,1.95,1.32
2012.12.31 15:00:29.164,0.75166,0.75198,1.95,1.54
2012.12.31 15:00:29.762,0.75166,0.75198,1.95,1.32
2012.12.31 15:00:32.132,0.75166,0.75198,1.95,1.32
2012.12.31 15:00:32.723,0.75166,0.75197,1.58,1.35
2012.12.31 15:00:33.516,0.75166,0.75197,1.58,1.35
2012.12.31 15:00:33.632,0.75166,0.75197,1.58,1.13
2012.12.31 15:00:33.806,0.75166,0.75198,1.58,1.54
2012.12.31 15:00:34.202,0.75166,0.75198,1.58,1.32
2012.12.31 15:00:34.331,0.75166,0.75198,1.58,1.54
2012.12.31 15:00:37.832,0.75166,0.75198,1.58,1.54
2012.12.31 15:00:37.963,0.75166,0.75198,1.58,1.54
2012.12.31 15:00:39.903,0.75166,0.75197,1.58,1.35
2012.12.31 15:00:40.343,0.75166,0.75193,1.58,1.32
2012.12.31 15:00:42.062,0.75161,0.75194,3.08,1.54
2012.12.31 15:00:43.224,0.75161,0.75194,3.08,1.54
2012.12.31 15:00:44.644,0.7516,0.75194,1.54,1.54
2012.12.31 15:00:51.894,0.7516,0.75193,1.54,1.54
2012.12.31 15:00:52.112,0.7516,0.75194,1.92,1.54
2012.12.31 15:00:56.205,0.75159,0.75194,1.35,1.54
2012.12.31 15:00:56.322,0.75158,0.75194,1.35,1.54
2012.12.31 15:00:56.563,0.75157,0.75191,1.17,1.32
2012.12.31 15:00:57.524,0.75157,0.75191,1.17,1.32
2012.12.31 15:00:57.911,0.75157,0.75194,1.92,1.54
2012.12.31 15:00:59.122,0.75157,0.75194,1.92,1.54
2012.12.31 15:01:00.584,0.75161,0.75194,1.35,1.54
2012.12.31 15:01:01.142,0.75166,0.75195,1.58,1.13
2012.12.31 15:01:03.392,0.75162,0.75193,3.08,1.32
2012.12.31 15:01:03.634,0.75162,0.75193,3.08,1.32
2012.12.31 15:01:04.432,0.75162,0.75193,3.45,1.32
2012.12.31 15:01:04.611,0.75162,0.75191,4.20,1.13
2012.12.31 15:01:04.671,0.75162,0.75193,3.08,1.32
2012.12.31 15:01:05.592,0.75162,0.75193,3.08,1.32
2012.12.31 15:01:07.052,0.75157,0.75189,1.73,1.13
2012.12.31 15:01:16.482,0.75158,0.7519,1.54,1.13
2012.12.31 15:01:17.003,0.75157,0.75193,1.25,1.32
2012.12.31 15:01:17.122,0.75156,0.75193,1.35,1.54
2012.12.31 15:01:18.341,0.75156,0.75193,1.60,1.54
2012.12.31 15:01:18.564,0.75156,0.75193,1.73,1.54
2012.12.31 15:01:24.572,0.75157,0.75193,1.35,1.54
2012.12.31 15:01:24.640,0.75157,0.75193,1.35,1.54
2012.12.31 15:01:26.972,0.75164,0.75193,1.35,1.54
2012.12.31 15:01:27.522,0.75164,0.75193,1.35,1.32
2012.12.31 15:01:36.042,0.75163,0.75194,1.35,1.32
2012.12.31 15:01:36.282,0.75162,0.75194,1.92,1.54
2012.12.31 15:01:36.934,0.75162,0.75194,1.92,1.54
2012.12.31 15:01:37.203,0.75163,0.75198,1.35,2.29
2012.12.31 15:01:37.463,0.75163,0.75194,1.35,1.54
2012.12.31 15:01:38.028,0.75166,0.75199,1.35,1.54
2012.12.31 15:01:40.222,0.75166,0.75199,1.35,1.54
2012.12.31 15:01:40.303,0.75166,0.75199,1.35,1.54
2012.12.31 15:01:41.713,0.75168,0.752,1.13,1.35
2012.12.31 15:01:41.892,0.75176,0.75204,1.35,1.54
2012.12.31 15:01:42.026,0.75176,0.75203,1.35,1.50
2012.12.31 15:01:42.084,0.75175,0.75203,1.13,1.50
2012.12.31 15:01:42.143,0.75176,0.75204,1.35,1.50
2012.12.31 15:01:42.554,0.75176,0.75208,1.35,1.54
2012.12.31 15:01:43.033,0.75178,0.75212,1.54,1.35
2012.12.31 15:01:43.093,0.75178,0.75212,2.14,1.13
2012.12.31 15:01:43.644,0.75178,0.75212,2.14,1.35
2012.12.31 15:01:45.862,0.75182,0.75212,1.35,1.35
2012.12.31 15:01:45.982,0.75182,0.75213,1.35,1.54
2012.12.31 15:01:46.342,0.75177,0.75209,1.20,1.54
2012.12.31 15:01:46.433,0.75177,0.75209,1.20,1.32
2012.12.31 15:01:46.671,0.75176,0.75209,1.35,1.32
2012.12.31 15:01:47.023,0.75177,0.75213,1.35,1.54
2012.12.31 15:01:47.083,0.75176,0.75208,1.54,1.13
2012.12.31 15:01:48.283,0.75176,0.75209,1.54,1.32
2012.12.31 15:01:49.593,0.75178,0.75209,1.35,1.32
2012.12.31 15:01:53.623,0.7518,0.75213,1.35,1.54
2012.12.31 15:01:53.802,0.75187,0.75218,1.58,1.65
2012.12.31 15:01:54.348,0.75187,0.75217,1.58,1.50
2012.12.31 15:01:54.944,0.75187,0.75218,1.95,1.32
2012.12.31 15:01:55.832,0.7519,0.75222,1.35,1.35
2012.12.31 15:01:56.438,0.75186,0.75219,1.58,1.32
2012.12.31 15:01:57.951,0.75187,0.75222,1.58,1.35
2012.12.31 15:02:04.122,0.75184,0.75218,1.77,1.32
2012.12.31 15:02:04.644,0.75187,0.75218,1.58,1.32
2012.12.31 15:02:07.793,0.75189,0.75218,1.52,1.32
2012.12.31 15:02:08.724,0.75192,0.75228,1.54,1.35
2012.12.31 15:02:08.982,0.75192,0.75229,1.54,1.54
2012.12.31 15:02:09.442,0.75191,0.7522,1.54,1.32
2012.12.31 15:02:09.702,0.75187,0.75224,1.58,2.48
2012.12.31 15:02:10.122,0.75189,0.75224,1.43,1.88
2012.12.31 15:02:10.534,0.75187,0.75224,1.58,1.32
2012.12.31 15:02:10.652,0.75187,0.75224,1.58,1.54
2012.12.31 15:02:11.794,0.75186,0.7522,2.14,1.32
2012.12.31 15:02:12.547,0.75186,0.7522,2.14,1.32
2012.12.31 15:02:13.185,0.75186,0.7522,2.14,1.54
2012.12.31 15:02:14.072,0.75186,0.7522,2.14,1.54
2012.12.31 15:02:15.522,0.75186,0.7522,1.54,1.54
2012.12.31 15:02:15.641,0.75186,0.7522,1.54,1.54
2012.12.31 15:02:16.013,0.75186,0.7522,1.54,1.54
2012.12.31 15:02:16.232,0.75186,0.7522,1.54,1.54
2012.12.31 15:02:16.741,0.75186,0.7522,1.54,1.54
2012.12.31 15:02:17.154,0.75186,0.75223,1.54,1.54
2012.12.31 15:02:17.432,0.75186,0.75223,1.54,1.54
2012.12.31 15:02:17.559,0.75191,0.75223,1.58,1.32
2012.12.31 15:02:18.582,0.75191,0.75223,1.58,1.54
2012.12.31 15:02:19.123,0.75191,0.75223,1.58,1.54
2012.12.31 15:02:21.342,0.75191,0.75224,1.58,1.35
2012.12.31 15:02:21.902,0.75191,0.75228,1.58,1.54
2012.12.31 15:02:22.233,0.75195,0.75228,1.54,1.54
2012.12.31 15:02:22.662,0.75195,0.75228,1.54,1.54
2012.12.31 15:02:23.400,0.75195,0.75228,1.54,1.54
2012.12.31 15:02:26.092,0.75195,0.75228,1.54,1.54
2012.12.31 15:02:27.508,0.75195,0.75228,1.54,1.54
2012.12.31 15:02:28.099,0.75191,0.75227,2.14,1.54
2012.12.31 15:02:28.428,0.75195,0.75228,1.54,1.54
2012.12.31 15:02:29.152,0.75195,0.75228,1.54,1.54
2012.12.31 15:02:29.812,0.75195,0.75228,1.54,1.54
2012.12.31 15:02:33.944,0.75195,0.75233,1.54,2.48
2012.12.31 15:02:34.252,0.752,0.75232,1.58,1.35
2012.12.31 15:02:34.963,0.75202,0.75236,1.54,1.54
2012.12.31 15:02:35.093,0.75204,0.75239,1.54,1.54
2012.12.31 15:02:35.583,0.75204,0.75236,1.54,1.54
2012.12.31 15:02:35.952,0.75204,0.75236,1.54,1.32
2012.12.31 15:02:36.609,0.75204,0.75236,1.54,1.54
2012.12.31 15:02:37.872,0.75204,0.75236,1.54,1.32
2012.12.31 15:02:39.268,0.75204,0.75239,1.54,1.54
2012.12.31 15:02:39.883,0.75204,0.7524,1.54,1.35
2012.12.31 15:02:40.423,0.75204,0.75238,1.54,1.32
2012.12.31 15:02:41.412,0.75204,0.75241,1.54,1.13
2012.12.31 15:02:41.532,0.75211,0.75245,1.54,1.35
2012.12.31 15:02:41.772,0.75212,0.75248,1.58,1.54
2012.12.31 15:02:42.533,0.75211,0.75245,1.54,1.17
2012.12.31 15:02:42.898,0.75211,0.75248,1.32,2.67
2012.12.31 15:02:43.238,0.75207,0.75245,1.39,1.54
2012.12.31 15:02:43.354,0.75211,0.75248,1.32,2.67
2012.12.31 15:02:43.514,0.75211,0.75245,1.32,1.54
2012.12.31 15:02:43.572,0.75211,0.75245,1.32,1.54
2012.12.31 15:02:44.312,0.75207,0.75245,1.39,1.54
2012.12.31 15:02:44.372,0.75207,0.75245,1.39,1.54
2012.12.31 15:02:44.492,0.75207,0.75245,1.39,1.54
2012.12.31 15:02:44.612,0.75208,0.75245,1.17,3.04
2012.12.31 15:02:44.672,0.75211,0.75245,1.17,1.54
2012.12.31 15:02:44.762,0.75211,0.75245,1.17,1.54
2012.12.31 15:02:45.442,0.75209,0.75245,1.17,1.54
2012.12.31 15:02:45.962,0.75207,0.75241,1.39,1.54
2012.12.31 15:02:46.384,0.75204,0.75237,1.20,1.54
2012.12.31 15:02:47.322,0.75207,0.75242,1.95,1.54
2012.12.31 15:02:47.638,0.75207,0.75242,1.20,1.54
2012.12.31 15:02:47.992,0.75207,0.75242,1.20,1.54
2012.12.31 15:02:48.609,0.75207,0.75242,1.20,1.54
2012.12.31 15:02:49.278,0.75206,0.75242,1.95,1.54
2012.12.31 15:02:49.563,0.75206,0.75242,1.20,1.54
2012.12.31 15:02:49.773,0.75207,0.75242,1.58,1.54
2012.12.31 15:02:49.912,0.75207,0.75243,1.58,1.54
2012.12.31 15:02:50.032,0.75207,0.75243,1.58,1.54
2012.12.31 15:02:50.352,0.75212,0.75243,1.35,1.54
2012.12.31 15:02:50.472,0.75212,0.75243,1.35,1.32
2012.12.31 15:02:50.532,0.75212,0.75243,1.35,1.32
2012.12.31 15:02:50.592,0.75211,0.75242,1.35,1.32
2012.12.31 15:02:50.711,0.75212,0.75243,1.35,1.32
2012.12.31 15:02:51.314,0.75212,0.75249,1.35,1.54
2012.12.31 15:02:57.266,0.75211,0.75244,1.35,1.32
2012.12.31 15:02:59.532,0.7521,0.75244,1.35,1.54
2012.12.31 15:03:01.092,0.75207,0.75242,1.20,1.54
2012.12.31 15:03:04.142,0.75207,0.75246,1.20,1.54
2012.12.31 15:03:04.262,0.75207,0.75239,1.20,1.35
2012.12.31 15:03:04.795,0.75207,0.75239,1.20,1.35
2012.12.31 15:03:05.294,0.75207,0.75239,1.95,1.35
2012.12.31 15:03:08.353,0.75207,0.75239,1.95,1.35
2012.12.31 15:03:09.454,0.75207,0.75239,1.95,1.35
2012.12.31 15:03:09.939,0.75207,0.75239,1.95,1.35
2012.12.31 15:03:10.397,0.75207,0.75239,1.95,1.35
2012.12.31 15:03:11.272,0.75209,0.75239,1.13,1.35
2012.12.31 15:03:11.632,0.75211,0.75242,1.35,1.13
2012.12.31 15:03:13.142,0.7521,0.75246,1.35,1.35
2012.12.31 15:03:14.083,0.75214,0.75246,1.35,1.54
2012.12.31 15:03:14.513,0.75212,0.75248,1.35,1.54
2012.12.31 15:03:14.633,0.75212,0.75248,1.35,1.54
2012.12.31 15:03:14.763,0.75212,0.75248,1.35,1.54
2012.12.31 15:03:15.302,0.75212,0.75248,1.35,1.54
2012.12.31 15:03:15.834,0.75212,0.75252,1.35,1.09
2012.12.31 15:03:16.259,0.75221,0.75254,1.58,1.54
2012.12.31 15:03:16.565,0.75224,0.75258,1.58,1.54
2012.12.31 15:03:18.813,0.75221,0.75257,1.58,2.10
2012.12.31 15:03:18.892,0.75221,0.75257,1.58,2.10
2012.12.31 15:03:25.052,0.75222,0.75257,1.20,1.54
2012.12.31 15:03:26.233,0.75224,0.75257,1.95,1.35
2012.12.31 15:03:28.103,0.75224,0.75257,1.20,2.10
2012.12.31 15:03:28.232,0.75221,0.75253,1.95,1.13
2012.12.31 15:03:28.512,0.75216,0.75253,1.58,1.13
2012.12.31 15:03:28.983,0.75217,0.75257,1.35,1.69
2012.12.31 15:03:29.043,0.75219,0.75257,1.35,1.54
2012.12.31 15:03:29.164,0.75219,0.75253,1.35,1.54
2012.12.31 15:03:29.342,0.75217,0.75253,1.35,1.54
2012.12.31 15:03:31.272,0.75217,0.75252,1.95,1.35
2012.12.31 15:03:34.105,0.75219,0.75253,1.35,2.10
2012.12.31 15:03:34.654,0.75217,0.75249,1.20,1.32
2012.12.31 15:03:40.553,0.75217,0.75252,1.95,1.35
2012.12.31 15:03:40.842,0.75217,0.75252,1.95,1.35
2012.12.31 15:03:41.292,0.75217,0.75252,1.95,1.35
2012.12.31 15:03:41.412,0.75217,0.75252,1.95,1.13
2012.12.31 15:03:43.423,0.7522,0.75253,1.35,1.13
2012.12.31 15:03:44.019,0.7522,0.75253,1.35,1.13
2012.12.31 15:03:44.690,0.7522,0.75253,1.35,1.35
2012.12.31 15:03:46.789,0.7522,0.75253,1.35,1.13
2012.12.31 15:03:46.853,0.75221,0.75255,1.35,1.54
2012.12.31 15:03:47.182,0.75221,0.75255,1.35,1.54
2012.12.31 15:03:47.762,0.7522,0.75255,1.35,1.54
2012.12.31 15:03:48.172,0.7522,0.75255,1.35,1.54
2012.12.31 15:03:51.772,0.7522,0.75255,1.35,1.54
2012.12.31 15:03:53.253,0.7522,0.75255,1.35,1.54
2012.12.31 15:03:55.522,0.7522,0.75255,1.35,1.54
2012.12.31 15:03:56.650,0.75226,0.75255,1.58,1.32
2012.12.31 15:03:57.362,0.75226,0.75255,1.58,1.32
2012.12.31 15:03:57.721,0.75224,0.75255,2.33,1.54
2012.12.31 15:04:01.274,0.75224,0.75255,2.33,1.54
2012.12.31 15:04:05.252,0.75224,0.75254,2.33,1.32
2012.12.31 15:04:05.516,0.75226,0.75255,1.58,1.32
2012.12.31 15:04:06.042,0.75226,0.75255,1.58,1.32
2012.12.31 15:04:06.562,0.75226,0.75255,1.58,1.32
2012.12.31 15:04:07.117,0.75227,0.75258,1.58,1.32
2012.12.31 15:04:08.333,0.75227,0.75258,1.58,1.32
2012.12.31 15:04:12.322,0.75227,0.75258,1.58,1.54
2012.12.31 15:04:12.912,0.75224,0.75255,2.33,1.54
2012.12.31 15:04:13.275,0.75224,0.75255,2.33,1.54
2012.12.31 15:04:13.452,0.75227,0.75259,1.35,1.54
2012.12.31 15:04:14.094,0.75227,0.75259,1.35,1.54
2012.12.31 15:04:15.162,0.75224,0.75259,2.10,1.54
2012.12.31 15:04:15.773,0.75224,0.75252,2.10,1.32
2012.12.31 15:04:15.832,0.75217,0.75252,1.73,1.32
2012.12.31 15:04:15.952,0.75218,0.75252,2.48,1.32
2012.12.31 15:04:16.252,0.75213,0.75252,1.58,1.54
2012.12.31 15:04:16.807,0.75213,0.75252,3.08,1.54
2012.12.31 15:04:17.522,0.75214,0.75252,1.45,1.54
2012.12.31 15:04:18.877,0.75217,0.75252,1.29,1.32
2012.12.31 15:04:19.226,0.75216,0.75252,2.48,1.54
2012.12.31 15:04:20.202,0.75215,0.75252,2.85,1.54
2012.12.31 15:04:25.843,0.75221,0.75252,1.58,1.54
2012.12.31 15:04:26.202,0.75223,0.75254,1.58,1.32
2012.12.31 15:04:26.594,0.75223,0.7526,1.58,1.35
2012.12.31 15:04:38.446,0.75223,0.75257,1.58,1.13
2012.12.31 15:04:40.263,0.75221,0.75257,1.58,1.13
2012.12.31 15:04:40.693,0.75221,0.75257,1.58,1.13
2012.12.31 15:04:43.153,0.75219,0.75256,2.33,1.54
2012.12.31 15:04:45.894,0.75221,0.75256,1.58,1.54
2012.12.31 15:04:46.422,0.75214,0.75256,1.58,1.54
2012.12.31 15:04:49.623,0.75217,0.75256,1.35,1.54
2012.12.31 15:04:50.573,0.75219,0.75256,1.50,1.54
2012.12.31 15:04:51.130,0.75215,0.75256,1.35,1.54
2012.12.31 15:04:51.253,0.75215,0.75256,1.35,1.54
2012.12.31 15:04:51.582,0.75215,0.75249,1.35,1.13
2012.12.31 15:04:51.642,0.75215,0.75249,1.35,1.13
2012.12.31 15:04:51.932,0.75215,0.75249,1.35,1.13
2012.12.31 15:04:51.992,0.75215,0.75249,1.35,1.13
2012.12.31 15:04:52.532,0.75215,0.75256,2.85,1.54
2012.12.31 15:04:58.430,0.75217,0.75257,2.48,1.69
2012.12.31 15:04:58.663,0.75216,0.75257,2.85,1.13
2012.12.31 15:04:59.212,0.75214,0.75257,1.58,1.13
2012.12.31 15:04:59.462,0.75214,0.75257,1.58,1.13
2012.12.31 15:05:00.312,0.75215,0.75257,1.35,1.13
2012.12.31 15:05:00.702,0.75215,0.75258,1.35,1.13
2012.12.31 15:05:02.450,0.75215,0.75258,1.35,1.13
2012.12.31 15:05:02.943,0.75214,0.75258,1.95,1.13
2012.12.31 15:05:03.002,0.75214,0.75258,1.95,1.51
2012.12.31 15:05:03.063,0.75214,0.75258,1.95,1.51
2012.12.31 15:05:03.554,0.75214,0.75258,1.58,1.51
2012.12.31 15:05:04.982,0.75214,0.75258,1.58,1.51
2012.12.31 15:05:05.043,0.75214,0.75258,1.58,1.51
2012.12.31 15:05:09.114,0.75214,0.75258,1.58,1.13
2012.12.31 15:05:09.562,0.75221,0.75258,1.58,1.13
2012.12.31 15:05:09.922,0.75221,0.75258,1.95,1.13
2012.12.31 15:05:12.524,0.75221,0.75258,1.95,1.13
2012.12.31 15:05:15.032,0.75218,0.75254,1.20,1.54
2012.12.31 15:05:16.434,0.75218,0.75254,1.20,1.54
2012.12.31 15:05:16.982,0.75221,0.75254,1.58,1.54
2012.12.31 15:05:17.542,0.75221,0.75254,1.58,1.54
2012.12.31 15:05:21.344,0.7522,0.75254,1.20,1.54
2012.12.31 15:05:24.192,0.75221,0.75254,1.58,1.54
2012.12.31 15:05:24.739,0.75218,0.75254,1.20,1.54
2012.12.31 15:05:25.334,0.75221,0.75254,1.58,1.54
2012.12.31 15:05:26.442,0.75221,0.75254,1.35,1.54
2012.12.31 15:05:26.959,0.75221,0.75254,1.58,1.54
2012.12.31 15:05:27.576,0.7522,0.75254,1.20,1.54
2012.12.31 15:05:27.762,0.75216,0.75254,1.35,1.54
2012.12.31 15:05:27.883,0.75212,0.75254,1.35,1.54
2012.12.31 15:05:28.202,0.75232,0.75259,1.52,2.78
2012.12.31 15:05:28.382,0.75237,0.75275,1.35,1.13
2012.12.31 15:05:28.473,0.75237,0.75278,1.35,1.13
2012.12.31 15:05:28.532,0.75237,0.75278,1.35,1.13
2012.12.31 15:05:28.832,0.75247,0.75279,1.13,1.92
2012.12.31 15:05:29.154,0.75248,0.7529,1.35,2.10
2012.12.31 15:05:29.212,0.75248,0.7529,1.35,1.54
2012.12.31 15:05:29.392,0.75248,0.75291,1.35,1.29
2012.12.31 15:05:30.953,0.75247,0.75291,1.58,2.92
2012.12.31 15:05:31.166,0.75247,0.75291,1.58,2.88
2012.12.31 15:05:32.732,0.75248,0.75294,1.34,3.60
2012.12.31 15:05:33.302,0.75249,0.75295,1.35,2.09
2012.12.31 15:05:35.465,0.75249,0.75295,1.35,1.34
2012.12.31 15:05:36.602,0.7525,0.75297,1.98,1.35
2012.12.31 15:05:36.967,0.75252,0.75294,1.36,2.48
2012.12.31 15:05:37.282,0.7525,0.75294,1.71,2.48
2012.12.31 15:05:37.805,0.75252,0.75294,1.54,2.48
2012.12.31 15:05:37.942,0.7525,0.75294,1.69,2.48
2012.12.31 15:05:40.474,0.75252,0.75297,1.85,3.04
2012.12.31 15:05:41.516,0.75252,0.75297,1.35,3.04
2012.12.31 15:05:41.883,0.75253,0.75297,1.29,3.04
2012.12.31 15:05:42.545,0.75252,0.75297,1.35,3.04
2012.12.31 15:05:42.775,0.75253,0.75297,1.47,3.04
2012.12.31 15:05:43.108,0.75252,0.75297,1.35,3.04
2012.12.31 15:05:43.353,0.75258,0.75297,2.33,1.54
2012.12.31 15:05:43.592,0.75264,0.75302,3.08,1.73
2012.12.31 15:05:44.753,0.75264,0.75303,1.58,1.13
2012.12.31 15:05:48.132,0.75264,0.75303,1.58,1.13
2012.12.31 15:05:48.942,0.75264,0.75303,1.58,1.13
2012.12.31 15:05:51.166,0.75264,0.75303,1.58,1.13
2012.12.31 15:05:51.765,0.75264,0.75303,1.58,1.13
2012.12.31 15:05:52.807,0.75264,0.75303,1.58,1.13
2012.12.31 15:05:53.162,0.75264,0.75302,1.58,1.35
2012.12.31 15:05:55.412,0.75256,0.75296,2.88,1.32
2012.12.31 15:05:55.592,0.75252,0.75296,1.58,1.54
2012.12.31 15:05:56.533,0.75251,0.75296,1.50,1.54
2012.12.31 15:05:56.593,0.75251,0.75293,2.48,1.50
2012.12.31 15:05:56.722,0.75246,0.75293,2.85,1.50
2012.12.31 15:05:57.574,0.75247,0.75292,1.52,1.35
2012.12.31 15:05:57.997,0.75253,0.75295,1.29,1.50
2012.12.31 15:05:59.664,0.75251,0.75295,1.65,1.13
2012.12.31 15:05:59.842,0.7525,0.75292,2.48,1.61
2012.12.31 15:06:01.093,0.75247,0.75291,1.35,2.48
2012.12.31 15:06:01.272,0.75253,0.75291,1.50,2.25
2012.12.31 15:06:11.442,0.75253,0.75292,2.91,1.35
2012.12.31 15:06:11.503,0.75253,0.75292,2.48,1.35
2012.12.31 15:06:11.622,0.75252,0.75288,2.48,1.13
2012.12.31 15:06:15.482,0.75251,0.75287,1.58,1.13
2012.12.31 15:06:15.843,0.75251,0.75289,1.58,1.35
2012.12.31 15:06:16.429,0.75251,0.75291,1.58,1.13
2012.12.31 15:06:17.054,0.75251,0.75291,1.58,1.13
2012.12.31 15:06:18.732,0.75251,0.75291,1.58,1.13
2012.12.31 15:06:21.073,0.75251,0.75289,1.58,1.35
2012.12.31 15:06:21.432,0.75257,0.75293,1.49,1.13
2012.12.31 15:06:21.602,0.75257,0.75295,1.49,1.84
2012.12.31 15:06:22.122,0.75257,0.75293,1.49,1.13
2012.12.31 15:06:22.672,0.75257,0.75293,1.53,1.13
2012.12.31 15:06:23.584,0.75257,0.75293,1.71,1.13
2012.12.31 15:06:26.442,0.75257,0.75296,1.56,1.69
2012.12.31 15:06:26.502,0.75256,0.75295,2.48,1.13
2012.12.31 15:06:28.633,0.75249,0.75289,1.32,1.35
2012.12.31 15:06:28.753,0.75247,0.75286,2.48,1.35
2012.12.31 15:06:29.224,0.75247,0.75285,1.59,1.13
2012.12.31 15:06:29.775,0.75247,0.75287,3.09,1.35
2012.12.31 15:06:29.903,0.75247,0.75288,3.09,1.35
2012.12.31 15:06:30.142,0.7525,0.75288,1.35,1.35
2012.12.31 15:06:30.728,0.75251,0.75289,1.35,1.35
2012.12.31 15:06:31.420,0.7525,0.75289,1.35,1.35
2012.12.31 15:06:32.056,0.7525,0.75289,1.35,1.35
2012.12.31 15:06:32.886,0.75248,0.75288,1.26,1.35
2012.12.31 15:06:33.094,0.75246,0.75286,2.70,1.35
2012.12.31 15:06:33.404,0.75246,0.75286,1.20,1.35
2012.12.31 15:06:41.723,0.7525,0.75289,1.35,1.50
2012.12.31 15:06:41.842,0.7525,0.75289,1.35,1.50
2012.12.31 15:06:43.154,0.75245,0.75288,1.47,1.50
2012.12.31 15:06:46.044,0.75245,0.75289,1.47,2.63
2012.12.31 15:06:46.582,0.75245,0.75288,1.47,1.13
2012.12.31 15:06:53.183,0.75245,0.75288,1.47,1.13
2012.12.31 15:06:53.302,0.75243,0.75288,1.35,2.63
2012.12.31 15:06:54.081,0.75243,0.75288,1.35,2.63
2012.12.31 15:06:55.522,0.75243,0.75288,1.35,1.13
2012.12.31 15:06:56.004,0.75246,0.75287,1.54,2.48
2012.12.31 15:06:56.400,0.75246,0.75288,1.54,1.50
2012.12.31 15:06:57.914,0.75246,0.75288,1.54,1.13
2012.12.31 15:07:03.392,0.75244,0.75287,1.41,1.69
2012.12.31 15:07:07.145,0.75245,0.75284,1.35,1.13
2012.12.31 15:07:07.382,0.75243,0.75282,1.35,1.13
2012.12.31 15:07:07.622,0.75243,0.75283,1.87,1.13
2012.12.31 15:07:07.823,0.75242,0.7528,1.92,1.13
2012.12.31 15:07:07.943,0.75244,0.75281,1.43,1.13
2012.12.31 15:07:10.483,0.75244,0.75284,1.43,1.69
2012.12.31 15:07:11.323,0.75253,0.75289,1.54,2.48
2012.12.31 15:07:11.442,0.75255,0.75292,1.54,2.48
2012.12.31 15:07:11.534,0.75255,0.75292,1.54,1.73
2012.12.31 15:07:11.654,0.75255,0.75292,1.54,1.73
2012.12.31 15:07:12.203,0.75256,0.75293,1.50,1.54
2012.12.31 15:07:18.802,0.75256,0.75299,1.54,2.40
2012.12.31 15:07:38.773,0.75261,0.75299,1.43,1.13
2012.12.31 15:07:41.952,0.75261,0.753,1.43,2.07
2012.12.31 15:07:42.072,0.75265,0.753,1.35,1.32
2012.12.31 15:07:43.145,0.75265,0.753,1.20,1.47
2012.12.31 15:07:43.207,0.75262,0.753,1.78,1.47
2012.12.31 15:07:43.712,0.75261,0.75299,1.63,1.05
2012.12.31 15:07:44.140,0.75259,0.75299,1.36,1.05
2012.12.31 15:07:44.860,0.7526,0.75299,1.50,1.05
2012.12.31 15:07:46.902,0.7526,0.75299,1.50,1.05
2012.12.31 15:07:47.022,0.75257,0.75296,1.13,1.13
2012.12.31 15:07:58.664,0.75255,0.75294,1.50,1.32
2012.12.31 15:07:59.214,0.75254,0.75294,1.63,1.32
2012.12.31 15:07:59.870,0.75255,0.75294,1.41,2.82
2012.12.31 15:08:00.706,0.75255,0.75294,1.41,2.82
2012.12.31 15:08:01.132,0.75253,0.75295,1.47,2.48
2012.12.31 15:08:01.734,0.75252,0.75294,1.61,2.48
2012.12.31 15:08:02.613,0.75252,0.75294,1.61,2.48
2012.12.31 15:08:02.793,0.75251,0.75292,1.92,2.48
2012.12.31 15:08:02.913,0.75252,0.75291,1.63,2.48
2012.12.31 15:08:02.973,0.75252,0.75291,1.63,2.48
2012.12.31 15:08:03.102,0.75256,0.75291,1.32,2.25
2012.12.31 15:08:03.223,0.75256,0.75293,1.32,1.73
2012.12.31 15:08:03.403,0.75256,0.75293,1.65,2.48
2012.12.31 15:08:03.913,0.75256,0.75295,1.50,2.85
2012.12.31 15:08:04.283,0.75254,0.75293,1.38,2.48
2012.12.31 15:08:04.592,0.75251,0.75293,1.77,2.48
2012.12.31 15:08:04.652,0.75251,0.75291,1.54,1.13
2012.12.31 15:08:06.333,0.75251,0.75287,1.54,1.13
2012.12.31 15:08:06.693,0.75251,0.75287,1.54,1.13
2012.12.31 15:08:07.734,0.75248,0.75288,1.20,1.13
2012.12.31 15:08:08.544,0.75247,0.75288,1.50,1.13
2012.12.31 15:08:09.098,0.75249,0.75288,1.50,1.13
2012.12.31 15:08:10.212,0.75249,0.75288,1.50,1.13
2012.12.31 15:08:10.924,0.75249,0.75288,1.50,1.13
2012.12.31 15:08:11.164,0.75247,0.75288,1.23,1.13
2012.12.31 15:08:11.422,0.75251,0.75288,1.34,1.13
2012.12.31 15:08:11.482,0.75251,0.75289,1.34,1.54
2012.12.31 15:08:24.053,0.75251,0.7529,1.71,1.35
2012.12.31 15:08:24.234,0.75254,0.75293,1.56,1.32
2012.12.31 15:08:24.682,0.75257,0.75294,1.35,1.32
2012.12.31 15:08:25.288,0.75257,0.75294,1.35,1.54
2012.12.31 15:08:26.753,0.75259,0.75294,1.35,1.32
2012.12.31 15:08:27.023,0.75257,0.75293,1.13,1.32
2012.12.31 15:08:27.548,0.7526,0.75293,1.50,1.32
2012.12.31 15:08:31.010,0.7526,0.75297,1.50,1.13
2012.12.31 15:08:31.135,0.7526,0.75297,1.13,1.13
2012.12.31 15:08:31.752,0.7526,0.75297,1.13,2.63
2012.12.31 15:08:31.873,0.75256,0.75291,1.54,1.13
2012.12.31 15:08:33.493,0.75256,0.75291,1.54,1.13
2012.12.31 15:08:33.554,0.75256,0.75294,1.54,2.03
2012.12.31 15:08:33.915,0.7528,0.75296,1.35,1.50
2012.12.31 15:08:34.103,0.75281,0.753,1.38,1.50
2012.12.31 15:08:34.223,0.75281,0.75326,3.63,1.13
2012.12.31 15:08:34.343,0.75281,0.75328,3.63,3.00
2012.12.31 15:08:34.552,0.75286,0.75328,1.45,1.13
2012.12.31 15:08:35.143,0.75286,0.75329,1.45,1.54
2012.12.31 15:08:36.002,0.75286,0.75329,1.45,1.54
2012.12.31 15:08:37.219,0.75287,0.75329,1.50,1.54
2012.12.31 15:08:38.224,0.75287,0.75329,3.00,1.54
2012.12.31 15:08:38.552,0.75286,0.75328,2.48,1.54
2012.12.31 15:08:39.052,0.75285,0.75328,2.48,1.92
2012.12.31 15:08:39.113,0.75285,0.75328,2.48,1.92
2012.12.31 15:08:39.443,0.75287,0.75328,1.35,1.54
2012.12.31 15:08:39.563,0.7529,0.75328,1.35,1.54
2012.12.31 15:08:39.864,0.7529,0.75335,1.35,3.79
2012.12.31 15:08:40.174,0.7529,0.75335,1.35,3.79
2012.12.31 15:08:40.353,0.75296,0.75338,1.59,2.48
2012.12.31 15:08:40.412,0.75296,0.75339,1.96,2.48
2012.12.31 15:08:40.612,0.753,0.75342,1.29,2.48
2012.12.31 15:08:42.433,0.753,0.75342,1.29,2.48
2012.12.31 15:08:45.383,0.75302,0.75347,1.56,1.13
2012.12.31 15:08:45.442,0.75302,0.75345,1.13,1.41
2012.12.31 15:08:45.862,0.75295,0.75336,1.58,2.48
2012.12.31 15:08:49.714,0.75295,0.75339,1.58,2.48
2012.12.31 15:08:49.953,0.75292,0.75338,1.35,1.56
2012.12.31 15:08:50.609,0.75292,0.7534,1.35,3.00
2012.12.31 15:08:56.762,0.75292,0.75339,1.35,3.26
2012.12.31 15:08:56.822,0.75289,0.75336,2.48,1.92
2012.12.31 15:08:57.342,0.75296,0.75342,1.45,2.48
2012.12.31 15:08:57.463,0.75295,0.7534,1.35,1.43
2012.12.31 15:08:57.782,0.75296,0.75342,1.36,2.48
2012.12.31 15:08:59.342,0.753,0.75343,1.35,2.48
2012.12.31 15:08:59.643,0.75301,0.75343,1.52,2.48
2012.12.31 15:09:00.401,0.75307,0.7535,1.20,2.48
2012.12.31 15:09:04.373,0.75309,0.75352,1.67,2.48
2012.12.31 15:09:04.493,0.75309,0.75352,1.35,2.97
2012.12.31 15:09:05.543,0.7531,0.75348,1.35,2.48
2012.12.31 15:09:05.793,0.7531,0.75348,1.35,1.54
2012.12.31 15:09:06.223,0.75311,0.75353,1.23,1.54
2012.12.31 15:09:06.543,0.75311,0.75356,1.23,2.48
2012.12.31 15:09:08.733,0.75315,0.75359,1.41,2.48
2012.12.31 15:09:09.261,0.75314,0.75359,1.29,2.48
2012.12.31 15:09:09.564,0.75314,0.75352,1.35,1.54
2012.12.31 15:09:11.043,0.75311,0.75352,1.35,1.54
2012.12.31 15:09:11.552,0.75311,0.75353,1.35,1.54
2012.12.31 15:09:12.343,0.75316,0.75355,1.35,1.54
2012.12.31 15:09:12.960,0.75316,0.75355,1.35,1.54
2012.12.31 15:09:13.121,0.75316,0.75355,1.35,1.54
2012.12.31 15:09:13.693,0.75316,0.75355,1.35,1.54
2012.12.31 15:09:17.184,0.75316,0.75355,1.35,1.54
2012.12.31 15:09:18.173,0.75315,0.75354,1.35,1.54
2012.12.31 15:09:18.724,0.75315,0.75354,1.35,1.54
2012.12.31 15:09:18.897,0.75315,0.75357,1.35,1.35
2012.12.31 15:09:18.952,0.75317,0.75358,1.27,1.54
2012.12.31 15:09:19.255,0.75317,0.75357,1.35,1.54
2012.12.31 15:09:23.622,0.75317,0.75357,1.35,2.85
2012.12.31 15:09:24.373,0.75317,0.75352,1.35,1.54
2012.12.31 15:09:26.923,0.75317,0.75357,1.35,1.35
2012.12.31 15:09:26.982,0.75317,0.75357,1.65,1.35
2012.12.31 15:09:27.103,0.75319,0.75361,1.35,2.48
2012.12.31 15:09:27.163,0.75317,0.75352,1.65,1.32
2012.12.31 15:09:27.222,0.75317,0.75352,1.35,1.54
2012.12.31 15:09:27.673,0.75316,0.75354,1.35,1.54
2012.12.31 15:09:27.912,0.75317,0.75354,1.35,1.54
2012.12.31 15:09:29.022,0.75317,0.75352,1.35,1.54
2012.12.31 15:09:31.973,0.75316,0.75354,1.35,1.54
2012.12.31 15:09:36.970,0.75316,0.75352,1.35,1.54
2012.12.31 15:09:37.333,0.75316,0.75356,1.35,2.48
2012.12.31 15:09:37.511,0.75313,0.75358,2.10,2.88
2012.12.31 15:09:38.062,0.75315,0.75359,1.35,2.75
2012.12.31 15:09:39.423,0.75315,0.75358,1.35,3.04
2012.12.31 15:09:39.692,0.75316,0.75359,1.35,1.25
2012.12.31 15:09:39.985,0.75316,0.75361,1.34,2.63
2012.12.31 15:09:40.103,0.75314,0.75359,2.10,2.48
2012.12.31 15:09:40.875,0.75312,0.75359,1.35,2.48
2012.12.31 15:09:41.352,0.75312,0.75355,1.35,1.47
2012.12.31 15:09:41.533,0.75314,0.75353,1.35,1.54
2012.12.31 15:09:41.672,0.75317,0.75358,1.23,2.48
2012.12.31 15:09:41.983,0.75321,0.75359,1.13,1.54
2012.12.31 15:09:42.223,0.75321,0.75357,1.35,1.54
2012.12.31 15:09:42.403,0.7532,0.75359,1.13,1.54
2012.12.31 15:09:42.942,0.7532,0.75357,1.50,1.54
2012.12.31 15:09:43.192,0.75321,0.75358,1.38,1.54
2012.12.31 15:09:45.684,0.75321,0.75359,1.76,1.54
2012.12.31 15:09:53.103,0.75321,0.75359,1.35,1.54
2012.12.31 15:09:53.653,0.7532,0.75359,1.50,1.54
2012.12.31 15:09:53.984,0.75321,0.75357,1.35,1.32
2012.12.31 15:09:54.242,0.75321,0.75357,1.35,1.54
2012.12.31 15:09:54.953,0.75321,0.75359,1.35,1.54
2012.12.31 15:10:10.962,0.75321,0.75357,1.35,1.54
2012.12.31 15:10:11.023,0.75316,0.75357,1.50,1.54
2012.12.31 15:10:11.384,0.75316,0.75356,1.50,1.13
2012.12.31 15:10:11.572,0.75317,0.75357,1.61,1.54
2012.12.31 15:10:18.562,0.75317,0.75359,1.23,1.92
2012.12.31 15:10:19.072,0.7532,0.75357,1.35,1.35
2012.12.31 15:10:19.581,0.7532,0.75357,1.35,1.35
2012.12.31 15:10:22.813,0.75321,0.75357,1.35,1.35
2012.12.31 15:10:22.933,0.75321,0.75357,1.35,1.35
2012.12.31 15:10:23.484,0.75321,0.75357,1.35,1.35
2012.12.31 15:10:25.749,0.7532,0.75357,1.35,1.35
2012.12.31 15:10:27.083,0.75315,0.75357,1.35,1.35
2012.12.31 15:10:28.953,0.75316,0.75357,1.35,1.13
2012.12.31 15:10:34.273,0.75314,0.75351,1.35,1.54
2012.12.31 15:10:34.654,0.75311,0.75351,2.18,1.92
2012.12.31 15:10:40.925,0.75311,0.75351,2.18,1.92
2012.12.31 15:10:51.565,0.75311,0.75348,1.80,1.13
2012.12.31 15:10:52.053,0.75311,0.75349,1.43,1.13
2012.12.31 15:10:52.113,0.7531,0.75349,1.35,1.50
2012.12.31 15:10:52.353,0.75305,0.75343,1.13,1.54
2012.12.31 15:10:52.654,0.75304,0.75343,1.62,1.54
2012.12.31 15:10:53.042,0.75304,0.75343,2.00,1.54
2012.12.31 15:10:53.533,0.75304,0.75344,1.50,1.92
2012.12.31 15:10:53.906,0.75306,0.75344,1.43,1.69
2012.12.31 15:10:54.244,0.75308,0.75348,1.25,1.35
2012.12.31 15:11:05.893,0.75311,0.75349,1.35,1.92
2012.12.31 15:11:10.933,0.75311,0.75347,1.35,1.35
2012.12.31 15:11:11.243,0.75305,0.75345,1.35,1.35
2012.12.31 15:11:11.393,0.75305,0.75345,1.35,1.35
2012.12.31 15:11:11.453,0.75305,0.75345,1.35,1.35
2012.12.31 15:11:11.776,0.75302,0.75344,1.35,1.13
2012.12.31 15:11:12.499,0.75302,0.75344,1.35,1.13
2012.12.31 15:11:16.248,0.75301,0.75339,1.54,1.35
2012.12.31 15:11:16.814,0.75296,0.75338,1.47,1.35
2012.12.31 15:11:18.723,0.75296,0.75338,1.47,1.35
2012.12.31 15:11:32.818,0.75299,0.75338,1.23,1.13
2012.12.31 15:11:32.995,0.753,0.7534,1.35,1.54
2012.12.31 15:11:35.953,0.75306,0.75343,1.35,2.85
2012.12.31 15:11:36.254,0.75311,0.75342,1.35,1.13
2012.12.31 15:11:36.654,0.75322,0.75349,1.13,1.54
2012.12.31 15:11:36.957,0.75316,0.75349,1.35,1.54
2012.12.31 15:11:37.514,0.75316,0.75349,1.35,1.54
2012.12.31 15:11:38.435,0.75311,0.75349,1.35,1.54
2012.12.31 15:11:38.493,0.75311,0.75349,1.35,1.54
2012.12.31 15:11:39.153,0.75311,0.75349,1.35,1.54
2012.12.31 15:11:39.344,0.75311,0.75349,1.35,1.54
2012.12.31 15:11:39.643,0.75317,0.75349,1.35,1.54
2012.12.31 15:11:41.184,0.75318,0.75349,1.13,1.54
2012.12.31 15:11:42.202,0.75321,0.75354,1.35,1.35
2012.12.31 15:11:42.910,0.75321,0.75354,1.35,1.13
2012.12.31 15:11:43.342,0.75321,0.75353,1.35,1.54
2012.12.31 15:11:43.403,0.75321,0.75354,1.35,1.13
2012.12.31 15:11:44.374,0.75321,0.75354,1.35,1.88
2012.12.31 15:11:44.488,0.75321,0.75354,1.13,2.10
2012.12.31 15:11:47.371,0.75316,0.75349,1.35,1.54
2012.12.31 15:11:47.503,0.75316,0.75349,1.35,1.54
2012.12.31 15:11:47.623,0.75316,0.75349,1.13,1.54
2012.12.31 15:11:47.683,0.75312,0.75349,1.35,1.54
2012.12.31 15:11:48.500,0.75312,0.75349,1.35,1.54
2012.12.31 15:11:50.371,0.75312,0.75349,1.35,1.54
2012.12.31 15:11:50.914,0.75312,0.75349,1.35,1.54
2012.12.31 15:11:51.153,0.75312,0.75349,1.35,1.54
2012.12.31 15:11:51.744,0.75312,0.75347,1.35,1.54
2012.12.31 15:11:52.260,0.75312,0.75347,1.35,1.54
2012.12.31 15:11:54.074,0.75312,0.75347,1.35,1.54
2012.12.31 15:11:54.850,0.75312,0.75347,1.35,1.54
2012.12.31 15:12:00.453,0.75312,0.75347,1.35,1.54
2012.12.31 15:12:03.254,0.75314,0.75348,1.35,1.54
2012.12.31 15:12:03.803,0.75315,0.75348,1.35,1.54
2012.12.31 15:12:06.088,0.75317,0.75348,1.13,1.54
2012.12.31 15:12:06.554,0.75316,0.75352,1.35,1.35
2012.12.31 15:12:07.192,0.75317,0.75354,1.35,1.54
2012.12.31 15:12:08.593,0.75319,0.75354,1.35,1.54
2012.12.31 15:12:11.708,0.7532,0.75354,1.35,2.10
2012.12.31 15:12:11.823,0.75321,0.75354,1.35,1.32
2012.12.31 15:12:11.954,0.75321,0.75354,1.35,1.32
2012.12.31 15:12:13.488,0.75322,0.75354,1.35,1.32
2012.12.31 15:12:13.803,0.75324,0.75356,1.35,1.17
2012.12.31 15:12:13.863,0.75324,0.75356,1.35,1.17
2012.12.31 15:12:14.815,0.75327,0.75356,1.35,1.17
2012.12.31 15:12:14.993,0.75327,0.75358,1.35,1.58
2012.12.31 15:12:15.373,0.75331,0.75364,1.35,2.10
2012.12.31 15:12:15.544,0.75331,0.75364,1.35,2.10
2012.12.31 15:12:16.109,0.75331,0.75364,1.35,2.10
2012.12.31 15:12:16.759,0.75331,0.75364,1.35,2.10
2012.12.31 15:12:35.873,0.75326,0.75361,1.35,1.54
2012.12.31 15:12:36.076,0.75326,0.75361,1.35,1.54
2012.12.31 15:12:36.193,0.75322,0.75361,1.35,1.54
2012.12.31 15:12:36.294,0.75322,0.75361,1.35,1.54
2012.12.31 15:12:37.017,0.75322,0.75361,1.35,1.54
2012.12.31 15:13:00.325,0.75326,0.75359,1.35,1.54
2012.12.31 15:13:01.122,0.75324,0.75359,1.35,1.54
2012.12.31 15:13:03.043,0.75324,0.75359,1.35,1.54
2012.12.31 15:13:03.248,0.75324,0.75359,1.35,1.54
2012.12.31 15:13:20.154,0.75325,0.75359,1.35,1.54
2012.12.31 15:13:27.833,0.75325,0.75364,1.35,2.10
2012.12.31 15:13:28.014,0.75326,0.75364,1.35,1.54
2012.12.31 15:13:35.655,0.75328,0.75364,1.35,1.54
2012.12.31 15:13:35.943,0.75328,0.75364,1.35,1.54
2012.12.31 15:14:01.053,0.75327,0.75364,1.35,1.54
2012.12.31 15:14:08.294,0.75327,0.75363,1.35,1.54
2012.12.31 15:14:08.443,0.75327,0.75367,1.69,2.10
2012.12.31 15:14:09.895,0.75331,0.75369,1.35,1.92
2012.12.31 15:14:10.303,0.75331,0.75369,1.35,1.92
2012.12.31 15:14:10.463,0.7533,0.75367,1.73,1.32
2012.12.31 15:14:10.562,0.7533,0.75367,1.73,1.54
2012.12.31 15:14:10.945,0.75333,0.75369,1.35,1.54
2012.12.31 15:14:16.541,0.75332,0.75367,1.35,1.54
2012.12.31 15:14:16.663,0.75332,0.75367,1.35,1.54
2012.12.31 15:14:17.538,0.75332,0.75368,1.35,1.54
2012.12.31 15:14:21.874,0.75332,0.75367,1.35,1.54
2012.12.31 15:14:22.436,0.75331,0.75368,1.73,1.54
2012.12.31 15:14:22.613,0.75331,0.75368,1.35,1.54
2012.12.31 15:14:22.673,0.75331,0.75368,1.35,1.54
2012.12.31 15:14:22.793,0.75331,0.75367,1.35,1.54
2012.12.31 15:14:23.482,0.75331,0.75367,1.35,1.54
2012.12.31 15:14:26.459,0.75331,0.75367,1.35,1.54
2012.12.31 15:14:27.104,0.75331,0.75369,1.35,1.92
2012.12.31 15:14:27.223,0.75331,0.75367,1.35,1.54
2012.12.31 15:14:51.984,0.7533,0.7537,1.35,1.92
2012.12.31 15:14:52.614,0.7534,0.75373,1.35,2.48
2012.12.31 15:14:52.673,0.7534,0.75373,1.35,2.48
2012.12.31 15:14:53.323,0.75339,0.75376,1.35,1.54
2012.12.31 15:15:00.604,0.75344,0.75376,1.35,1.54
2012.12.31 15:15:00.664,0.75344,0.75376,1.35,1.54
2012.12.31 15:15:01.262,0.75344,0.75376,1.35,1.32
2012.12.31 15:15:16.833,0.75341,0.7538,1.73,1.58
2012.12.31 15:15:21.415,0.75341,0.75376,1.35,1.35
2012.12.31 15:15:23.673,0.7534,0.7538,1.35,1.58
2012.12.31 15:15:23.986,0.75342,0.7538,1.13,1.58
2012.12.31 15:15:37.214,0.75341,0.7538,2.26,1.58
2012.12.31 15:15:40.774,0.75341,0.7538,1.73,1.58
2012.12.31 15:15:46.497,0.75341,0.7538,1.35,1.95
2012.12.31 15:15:55.076,0.75341,0.75381,2.13,1.35
2012.12.31 15:15:58.375,0.75341,0.75381,1.73,1.35
2012.12.31 15:16:07.923,0.75341,0.75381,2.16,1.35
2012.12.31 15:16:12.773,0.75342,0.75384,1.03,1.35
2012.12.31 15:16:12.833,0.75342,0.75384,1.78,1.35
2012.12.31 15:16:14.474,0.75342,0.75381,2.34,1.35
2012.12.31 15:16:29.553,0.75342,0.75382,2.34,1.35
2012.12.31 15:16:32.533,0.75344,0.75385,1.41,1.35
2012.12.31 15:16:38.473,0.75342,0.75384,2.49,1.35
2012.12.31 15:16:39.134,0.75343,0.75384,1.95,1.35
2012.12.31 15:16:43.253,0.75343,0.75384,1.95,1.35
2012.12.31 15:16:47.614,0.75345,0.75385,1.35,1.35
2012.12.31 15:16:47.985,0.75345,0.75388,1.35,2.85
2012.12.31 15:16:48.044,0.75345,0.75388,1.74,2.85
2012.12.31 15:16:57.473,0.75347,0.75388,1.35,2.85
2012.12.31 15:17:03.794,0.75344,0.75382,1.17,1.13
2012.12.31 15:17:03.913,0.75343,0.75379,1.69,1.13
2012.12.31 15:17:03.984,0.75344,0.75379,1.54,1.13
2012.12.31 15:17:04.523,0.75343,0.75379,1.88,1.35
2012.12.31 15:17:05.134,0.75347,0.75377,1.20,1.13
2012.12.31 15:17:06.146,0.7535,0.75383,1.35,1.13
2012.12.31 15:17:07.655,0.7535,0.75383,1.35,1.13
2012.12.31 15:17:15.425,0.75347,0.75383,1.14,1.13
2012.12.31 15:17:16.705,0.75347,0.75383,1.89,1.13
2012.12.31 15:17:19.794,0.75348,0.75382,1.73,1.13
2012.12.31 15:17:20.115,0.7535,0.75381,1.35,1.13
2012.12.31 15:17:20.334,0.75348,0.75381,1.73,1.13
2012.12.31 15:17:20.454,0.7535,0.75381,1.35,1.13
2012.12.31 15:17:21.053,0.75351,0.75381,1.35,1.13
2012.12.31 15:17:21.215,0.75348,0.75381,1.62,1.13
2012.12.31 15:17:21.273,0.75351,0.75381,1.35,1.13
2012.12.31 15:17:22.042,0.75348,0.75381,1.62,1.13
2012.12.31 15:17:23.366,0.75351,0.75381,1.35,1.13
2012.12.31 15:17:25.073,0.75351,0.75384,1.35,1.13
2012.12.31 15:17:25.546,0.75351,0.75385,1.35,1.35
2012.12.31 15:17:26.264,0.75351,0.75385,1.96,1.13
2012.12.31 15:17:26.396,0.75351,0.75385,1.35,1.13
2012.12.31 15:17:26.615,0.75351,0.75389,1.54,1.73
2012.12.31 15:17:26.924,0.75356,0.7539,1.50,1.13
2012.12.31 15:17:27.505,0.75356,0.75391,1.50,1.32
2012.12.31 15:17:27.684,0.7536,0.75392,1.35,1.13
2012.12.31 15:17:29.004,0.75355,0.75391,1.39,1.13
2012.12.31 15:17:29.123,0.75356,0.75391,1.69,1.13
2012.12.31 15:17:29.243,0.75353,0.7539,1.26,1.13
2012.12.31 15:17:29.594,0.75353,0.7539,1.11,1.13
2012.12.31 15:17:29.774,0.75351,0.7539,1.09,1.35
2012.12.31 15:17:29.894,0.75351,0.75389,1.13,1.54
2012.12.31 15:17:30.083,0.75352,0.75388,1.74,1.13
2012.12.31 15:17:30.893,0.7535,0.75388,1.36,1.13
2012.12.31 15:17:31.073,0.75347,0.75389,1.27,1.92
2012.12.31 15:17:31.165,0.75351,0.75389,1.50,1.92
2012.12.31 15:17:31.484,0.75351,0.75387,1.98,1.13
2012.12.31 15:17:32.155,0.75351,0.75387,1.50,1.35
2012.12.31 15:17:32.214,0.75347,0.75387,1.50,1.35
2012.12.31 15:17:32.393,0.75351,0.75387,1.50,1.35
2012.12.31 15:17:32.594,0.75352,0.75387,1.50,1.13
2012.12.31 15:17:33.097,0.7535,0.75387,1.27,1.13
2012.12.31 15:17:33.423,0.75352,0.75387,1.50,1.13
2012.12.31 15:17:33.864,0.75351,0.75387,1.60,1.13
2012.12.31 15:17:34.853,0.7535,0.75387,1.23,1.13
2012.12.31 15:17:34.973,0.75346,0.75388,1.86,1.35
2012.12.31 15:17:35.384,0.75351,0.75386,1.50,1.35
2012.12.31 15:17:35.523,0.75351,0.75386,2.07,1.13
2012.12.31 15:17:42.075,0.7535,0.75389,1.32,1.32
2012.12.31 15:17:42.453,0.75347,0.75388,1.35,1.35
2012.12.31 15:18:03.233,0.75348,0.75388,1.01,1.54
2012.12.31 15:18:07.974,0.75348,0.7539,1.38,1.92
2012.12.31 15:18:08.094,0.7535,0.7539,1.41,1.54
2012.12.31 15:18:11.295,0.75351,0.7539,1.27,1.54
2012.12.31 15:18:11.435,0.75351,0.7539,1.41,1.54
2012.12.31 15:18:12.098,0.75351,0.7539,1.54,1.69
2012.12.31 15:18:12.694,0.75351,0.7539,2.35,1.32
2012.12.31 15:18:13.125,0.75356,0.75396,2.51,1.35
2012.12.31 15:18:13.243,0.75357,0.75399,1.76,1.54
2012.12.31 15:18:13.563,0.7536,0.75399,1.47,1.54
2012.12.31 15:18:13.994,0.75357,0.75399,1.87,1.54
2012.12.31 15:18:15.154,0.75364,0.75399,1.50,1.32
2012.12.31 15:18:15.273,0.75366,0.75399,1.73,1.32
2012.12.31 15:18:15.393,0.75368,0.75399,1.52,1.32
2012.12.31 15:18:15.694,0.75363,0.75399,1.14,1.32
2012.12.31 15:18:16.093,0.75363,0.75399,1.31,1.13
2012.12.31 15:18:16.703,0.75365,0.75399,1.54,1.13
2012.12.31 15:18:16.825,0.75365,0.75399,2.06,1.13
2012.12.31 15:18:17.093,0.75365,0.75399,1.54,1.13
2012.12.31 15:18:18.035,0.75365,0.75399,1.54,1.35
2012.12.31 15:18:18.094,0.75362,0.75399,1.54,1.35
2012.12.31 15:18:18.334,0.75363,0.75402,1.54,1.35
2012.12.31 15:18:18.514,0.75367,0.75404,1.29,1.13
2012.12.31 15:18:18.843,0.75363,0.75407,1.48,2.48
2012.12.31 15:18:18.904,0.75366,0.75407,1.29,2.85
2012.12.31 15:18:19.525,0.75366,0.75404,2.13,1.35
2012.12.31 15:18:21.952,0.75363,0.75402,2.19,1.35
2012.12.31 15:18:22.733,0.75364,0.75404,2.73,1.35
2012.12.31 15:18:23.583,0.75364,0.75399,1.23,1.13
2012.12.31 15:18:23.924,0.75359,0.75397,1.73,1.35
2012.12.31 15:18:26.554,0.75356,0.75396,2.48,1.35
2012.12.31 15:18:26.805,0.75356,0.75396,2.48,1.35
2012.12.31 15:18:27.307,0.75358,0.75397,1.88,1.35
2012.12.31 15:18:27.423,0.75361,0.75398,1.35,1.35
2012.12.31 15:18:28.003,0.75364,0.75399,1.73,1.13
2012.12.31 15:18:28.392,0.75365,0.75401,2.48,1.92
2012.12.31 15:18:28.512,0.75367,0.75401,1.50,1.13
2012.12.31 15:18:30.527,0.75366,0.75401,1.23,1.13
2012.12.31 15:18:30.893,0.75365,0.75401,1.32,1.13
2012.12.31 15:18:30.954,0.75364,0.75401,3.23,1.35
2012.12.31 15:18:35.184,0.75363,0.754,2.63,1.35
2012.12.31 15:18:35.242,0.75365,0.754,1.63,1.13
2012.12.31 15:18:36.043,0.75363,0.75401,1.73,1.35
2012.12.31 15:18:36.901,0.75362,0.754,1.50,1.13
2012.12.31 15:18:37.795,0.75364,0.754,1.54,1.13
2012.12.31 15:18:40.219,0.75366,0.754,1.56,1.13
2012.12.31 15:18:48.736,0.75366,0.754,1.47,1.13
2012.12.31 15:18:51.454,0.75366,0.75401,1.43,1.13
2012.12.31 15:18:51.632,0.75364,0.75401,1.45,1.35
2012.12.31 15:18:51.963,0.75366,0.75399,1.36,1.13
2012.12.31 15:18:52.540,0.75366,0.75399,1.36,1.13
2012.12.31 15:18:54.283,0.75366,0.75403,1.36,1.13
2012.12.31 15:18:54.343,0.7537,0.75403,1.20,1.13
2012.12.31 15:18:54.911,0.7537,0.75403,1.20,1.13
2012.12.31 15:18:55.763,0.75371,0.75403,1.13,1.13
2012.12.31 15:18:55.943,0.75371,0.75408,1.13,1.35
2012.12.31 15:18:56.006,0.75377,0.75408,1.13,1.35
2012.12.31 15:18:56.132,0.7538,0.75407,1.50,1.13
2012.12.31 15:18:56.433,0.75363,0.75403,1.13,1.35
2012.12.31 15:18:56.792,0.75361,0.75399,1.59,1.13
2012.12.31 15:18:56.852,0.75361,0.75398,3.84,1.13
2012.12.31 15:18:57.196,0.75361,0.75399,3.84,1.13
2012.12.31 15:18:57.744,0.75361,0.75398,3.84,1.13
2012.12.31 15:19:18.163,0.75361,0.75396,1.32,1.13
2012.12.31 15:19:20.412,0.75359,0.75396,2.07,1.13
2012.12.31 15:19:21.093,0.75359,0.75396,2.07,1.13
2012.12.31 15:19:22.456,0.75359,0.75396,2.07,1.13
2012.12.31 15:19:22.548,0.75359,0.75396,2.09,1.35
2012.12.31 15:19:29.870,0.75358,0.75395,2.09,1.13
2012.12.31 15:19:30.421,0.75357,0.75394,2.84,1.13
2012.12.31 15:19:37.703,0.75357,0.75396,2.09,1.35
2012.12.31 15:19:38.286,0.75357,0.75396,2.84,1.35
2012.12.31 15:19:38.782,0.75358,0.75394,2.09,1.13
2012.12.31 15:19:39.383,0.75357,0.75396,2.09,1.35
2012.12.31 15:19:42.024,0.75357,0.75396,2.84,1.35
2012.12.31 15:19:45.613,0.75357,0.75396,1.41,1.13
2012.12.31 15:19:45.676,0.75357,0.75396,1.45,1.13
2012.12.31 15:19:45.975,0.7536,0.75394,1.45,1.13
2012.12.31 15:19:48.174,0.75359,0.75396,2.20,1.13
2012.12.31 15:19:49.110,0.75358,0.75394,2.20,1.13
2012.12.31 15:19:50.049,0.75358,0.75394,2.20,1.13
2012.12.31 15:19:50.383,0.75358,0.75393,1.32,1.13
2012.12.31 15:19:50.903,0.75357,0.75391,2.34,1.13
2012.12.31 15:19:58.852,0.75357,0.75394,1.59,1.13
2012.12.31 15:19:59.092,0.75364,0.75397,1.23,1.13
2012.12.31 15:19:59.374,0.75361,0.75394,1.69,1.13
2012.12.31 15:20:02.732,0.75361,0.75394,1.54,1.13
2012.12.31 15:20:04.094,0.75361,0.75394,1.54,1.13
2012.12.31 15:20:04.373,0.75361,0.75395,1.54,4.88
2012.12.31 15:20:05.844,0.7536,0.75395,1.44,4.88
2012.12.31 15:20:06.213,0.75356,0.75392,1.47,1.13
2012.12.31 15:20:10.244,0.75356,0.75394,2.22,1.13
2012.12.31 15:20:10.774,0.75357,0.75394,1.43,1.13
2012.12.31 15:20:11.294,0.75357,0.75392,2.18,1.13
2012.12.31 15:20:12.283,0.75357,0.75396,2.04,1.13
2012.12.31 15:20:12.704,0.75357,0.75397,2.36,1.13
2012.12.31 15:20:12.763,0.75357,0.75397,1.61,1.13
2012.12.31 15:20:14.843,0.75361,0.75397,1.41,1.13
2012.12.31 15:20:15.133,0.75359,0.75397,1.41,4.88
2012.12.31 15:20:15.193,0.75358,0.75396,1.41,1.13
2012.12.31 15:20:15.254,0.75358,0.75396,1.36,1.35
2012.12.31 15:20:18.685,0.75357,0.75393,2.11,1.13
2012.12.31 15:20:18.770,0.75357,0.75392,1.36,1.13
2012.12.31 15:20:19.234,0.75357,0.75395,1.27,1.13
2012.12.31 15:20:19.904,0.75357,0.75396,1.54,1.13
2012.12.31 15:20:22.454,0.75356,0.75396,3.79,1.13
2012.12.31 15:20:22.853,0.75358,0.75396,2.36,1.13
2012.12.31 15:20:23.509,0.75362,0.75399,1.61,1.13
2012.12.31 15:20:25.794,0.75362,0.75399,1.59,1.13
2012.12.31 15:20:26.105,0.75362,0.75398,1.61,1.13
2012.12.31 15:20:26.706,0.75362,0.75396,1.36,1.13
2012.12.31 15:20:40.815,0.75362,0.75397,1.43,1.13
2012.12.31 15:20:41.443,0.75362,0.754,1.47,1.13
2012.12.31 15:20:42.273,0.75362,0.754,1.29,1.13
2012.12.31 15:20:46.494,0.75365,0.75403,1.29,5.10
2012.12.31 15:20:48.624,0.75362,0.754,2.25,1.13
2012.12.31 15:20:49.341,0.75361,0.75401,1.59,1.35
2012.12.31 15:20:49.625,0.75364,0.75401,1.59,1.35
2012.12.31 15:20:54.136,0.75361,0.75401,1.59,1.35
2012.12.31 15:20:55.193,0.75361,0.754,1.25,1.13
2012.12.31 15:21:01.894,0.75358,0.754,2.00,1.13
2012.12.31 15:21:01.955,0.75359,0.75396,2.00,1.13
2012.12.31 15:21:02.056,0.75359,0.75396,1.73,1.35
2012.12.31 15:21:02.113,0.75359,0.75396,2.00,1.13
2012.12.31 15:21:02.714,0.75357,0.75396,1.25,1.13
2012.12.31 15:21:03.273,0.75357,0.75396,1.43,1.13
2012.12.31 15:21:04.090,0.75357,0.754,1.78,1.13
2012.12.31 15:21:13.673,0.7536,0.75398,2.16,1.13
2012.12.31 15:21:14.268,0.7536,0.75398,2.25,1.13
2012.12.31 15:21:14.735,0.75362,0.75396,1.73,1.35
2012.12.31 15:21:14.864,0.75362,0.75396,1.73,1.13
2012.12.31 15:21:15.613,0.75363,0.754,1.73,1.35
2012.12.31 15:21:19.484,0.7536,0.754,1.73,1.35
2012.12.31 15:21:24.112,0.7536,0.754,1.73,1.35
2012.12.31 15:21:27.413,0.75361,0.75399,1.73,1.35
2012.12.31 15:21:29.463,0.75361,0.75399,1.98,1.35
2012.12.31 15:21:30.603,0.75362,0.75397,1.73,1.35
2012.12.31 15:21:33.633,0.75361,0.75397,2.29,1.13
2012.12.31 15:21:33.754,0.75361,0.75397,1.73,1.35
2012.12.31 15:21:44.305,0.7536,0.75398,2.36,1.35
2012.12.31 15:21:44.953,0.75361,0.754,1.73,1.92
2012.12.31 15:21:51.403,0.75358,0.75395,2.16,1.13
2012.12.31 15:21:52.624,0.75358,0.75395,2.27,1.13
2012.12.31 15:21:59.923,0.75358,0.75392,2.27,1.13
2012.12.31 15:22:00.606,0.75354,0.75391,2.86,1.13
2012.12.31 15:22:03.363,0.75355,0.75391,2.91,1.13
2012.12.31 15:22:03.483,0.75355,0.75391,2.48,1.13
2012.12.31 15:22:10.855,0.75354,0.75392,3.00,1.13
2012.12.31 15:22:11.033,0.75357,0.75392,1.43,1.13
2012.12.31 15:22:12.992,0.75357,0.75395,2.82,1.13
2012.12.31 15:22:14.994,0.75358,0.75394,2.04,4.88
2012.12.31 15:22:15.573,0.75357,0.75392,1.20,1.13
2012.12.31 15:22:17.683,0.75354,0.75389,2.76,1.13
2012.12.31 15:22:19.553,0.75352,0.75385,2.70,1.13
2012.12.31 15:22:20.365,0.75352,0.75385,1.73,1.13
2012.12.31 15:22:20.493,0.75352,0.75384,2.36,1.13
2012.12.31 15:22:21.145,0.75352,0.75386,2.22,1.13
2012.12.31 15:22:21.203,0.75352,0.75389,2.22,1.13
2012.12.31 15:22:21.319,0.75352,0.75391,2.22,1.13
2012.12.31 15:22:21.383,0.75352,0.75391,1.95,1.13
2012.12.31 15:22:21.739,0.75352,0.75391,1.98,1.13
2012.12.31 15:22:22.394,0.75357,0.75392,1.23,1.13
2012.12.31 15:22:38.403,0.75357,0.75392,1.41,1.13
2012.12.31 15:22:39.723,0.75356,0.75392,3.02,1.13
2012.12.31 15:22:40.223,0.75355,0.7539,1.54,1.13
2012.12.31 15:22:40.395,0.75355,0.7539,1.54,1.13
2012.12.31 15:22:58.834,0.75355,0.75392,2.48,1.13
2012.12.31 15:23:03.733,0.75357,0.75389,1.73,1.13
2012.12.31 15:23:08.455,0.75353,0.75388,2.31,1.13
2012.12.31 15:23:08.514,0.75353,0.75388,2.13,1.13
2012.12.31 15:23:08.573,0.75353,0.75386,2.13,1.13
2012.12.31 15:23:09.195,0.75352,0.75386,2.88,1.13
2012.12.31 15:23:13.334,0.75353,0.75383,2.22,1.13
2012.12.31 15:23:13.663,0.75348,0.75384,1.56,1.13
2012.12.31 15:23:17.583,0.75349,0.75384,2.48,1.13
2012.12.31 15:23:19.883,0.75349,0.75384,3.23,1.13
2012.12.31 15:23:20.612,0.75348,0.75384,3.06,1.13
2012.12.31 15:23:21.243,0.75349,0.75386,1.73,1.35
2012.12.31 15:23:24.873,0.75348,0.75381,2.31,1.35
2012.12.31 15:23:24.933,0.75348,0.75381,1.50,1.58
2012.12.31 15:23:25.123,0.75348,0.75381,1.50,1.58
2012.12.31 15:23:25.183,0.75341,0.75377,1.13,1.35
2012.12.31 15:23:25.243,0.75341,0.75377,1.13,1.13
2012.12.31 15:23:25.593,0.75342,0.75379,1.73,1.35
2012.12.31 15:23:26.113,0.75343,0.75379,1.73,1.35
2012.12.31 15:23:26.703,0.75344,0.75375,1.73,1.13
2012.12.31 15:23:26.763,0.75344,0.75375,1.73,1.35
2012.12.31 15:23:26.883,0.7534,0.75374,1.13,1.35
2012.12.31 15:23:27.003,0.75341,0.75374,1.13,1.13
2012.12.31 15:23:28.357,0.75338,0.75375,1.41,1.13
2012.12.31 15:23:28.604,0.75337,0.75372,1.50,1.35
2012.12.31 15:23:29.834,0.75341,0.75372,1.13,1.35
2012.12.31 15:23:30.063,0.75341,0.75375,1.13,1.13
2012.12.31 15:23:30.423,0.75336,0.75372,1.35,1.35
2012.12.31 15:23:38.206,0.75335,0.7537,2.70,1.13
2012.12.31 15:23:38.444,0.75335,0.7537,1.73,1.35
2012.12.31 15:23:38.589,0.75335,0.7537,1.73,1.35
2012.12.31 15:23:39.113,0.75326,0.7536,1.95,1.13
2012.12.31 15:23:39.274,0.75326,0.7536,1.54,1.13
2012.12.31 15:23:47.284,0.75327,0.75365,2.48,5.10
2012.12.31 15:23:47.346,0.75327,0.75365,2.48,5.10
2012.12.31 15:23:47.879,0.75327,0.75368,1.34,1.35
2012.12.31 15:23:48.325,0.75329,0.75369,2.48,1.92
2012.12.31 15:23:49.103,0.75331,0.75368,1.73,1.35
2012.12.31 15:23:50.191,0.75331,0.75368,2.48,1.35
2012.12.31 15:23:51.073,0.7533,0.75365,2.48,1.35
2012.12.31 15:23:52.069,0.75331,0.75365,1.73,1.35
2012.12.31 15:23:52.504,0.75329,0.75365,1.73,1.35
2012.12.31 15:23:53.023,0.75328,0.75365,1.73,1.35
2012.12.31 15:23:53.913,0.75327,0.75365,2.48,1.35
2012.12.31 15:23:55.101,0.75326,0.75365,3.04,1.35
2012.12.31 15:23:55.745,0.75327,0.75365,2.48,1.35
2012.12.31 15:23:56.093,0.75327,0.75365,2.48,1.35
2012.12.31 15:23:56.234,0.75327,0.75365,1.73,1.35
2012.12.31 15:23:59.620,0.75328,0.75366,1.73,1.35
2012.12.31 15:24:00.169,0.75328,0.75366,1.73,1.35
2012.12.31 15:24:00.646,0.75329,0.75366,1.73,1.35
2012.12.31 15:24:00.883,0.75329,0.75366,2.48,1.35
2012.12.31 15:24:01.003,0.75329,0.75367,1.43,1.32
2012.12.31 15:24:07.329,0.75333,0.75367,1.73,1.32
2012.12.31 15:24:21.223,0.7533,0.75368,2.10,1.35
2012.12.31 15:24:37.056,0.7533,0.75365,1.73,1.92
2012.12.31 15:24:37.595,0.75333,0.75365,1.73,1.54
2012.12.31 15:24:37.954,0.75333,0.75365,1.73,1.54
2012.12.31 15:24:57.605,0.7533,0.75367,1.20,1.35
2012.12.31 15:24:57.747,0.75329,0.75367,2.48,1.35
2012.12.31 15:24:58.335,0.75329,0.75365,1.73,1.35
2012.12.31 15:25:08.444,0.75328,0.75363,1.73,1.13
2012.12.31 15:25:10.544,0.75328,0.75363,1.73,1.13
2012.12.31 15:25:17.155,0.75328,0.75363,1.73,1.13
2012.12.31 15:25:24.872,0.75327,0.75364,2.82,1.35
2012.12.31 15:25:40.694,0.75326,0.75364,2.82,1.35
2012.12.31 15:25:42.233,0.75327,0.75364,1.32,1.35
2012.12.31 15:25:43.193,0.75325,0.75362,2.07,1.32
2012.12.31 15:25:43.253,0.75325,0.75362,1.73,1.54
2012.12.31 15:25:43.373,0.75326,0.7536,1.73,1.35
2012.12.31 15:26:16.053,0.75321,0.7536,1.73,1.35
2012.12.31 15:26:21.366,0.75318,0.75357,1.25,1.92
2012.12.31 15:26:22.424,0.75319,0.75356,1.32,1.13
2012.12.31 15:26:24.188,0.75318,0.75357,3.51,1.54
2012.12.31 15:26:26.754,0.75318,0.75357,2.76,1.54
2012.12.31 15:26:26.946,0.75318,0.75357,2.85,1.54
2012.12.31 15:26:27.492,0.75317,0.75358,2.64,1.54
2012.12.31 15:26:28.037,0.75321,0.75358,1.50,1.54
2012.12.31 15:26:29.064,0.75322,0.75358,1.43,1.32
2012.12.31 15:26:29.504,0.75321,0.75357,2.01,1.13
2012.12.31 15:26:33.733,0.7532,0.75354,2.38,1.13
2012.12.31 15:26:38.084,0.75321,0.75356,1.63,1.13
2012.12.31 15:26:38.644,0.75317,0.75356,2.38,4.88
2012.12.31 15:26:45.155,0.75319,0.75356,2.38,1.13
2012.12.31 15:26:45.713,0.75319,0.75354,2.38,1.13
2012.12.31 15:26:53.655,0.75321,0.75356,1.32,1.13
2012.12.31 15:26:54.390,0.7532,0.75356,2.84,1.13
2012.12.31 15:26:55.061,0.7532,0.75356,2.09,1.13
2012.12.31 15:27:30.583,0.75319,0.75357,2.09,1.13
2012.12.31 15:27:30.894,0.7532,0.75356,1.34,1.13
2012.12.31 15:27:38.028,0.75321,0.75355,1.59,1.13
2012.12.31 15:27:38.266,0.75321,0.75355,1.54,1.13
2012.12.31 15:27:38.623,0.75321,0.75358,1.27,1.13
2012.12.31 15:27:41.434,0.75321,0.75359,2.46,1.13
2012.12.31 15:27:42.745,0.75326,0.75361,1.34,1.32
2012.12.31 15:27:47.194,0.75324,0.75361,2.09,1.32
2012.12.31 15:27:50.115,0.75326,0.75361,1.34,1.32
2012.12.31 15:27:50.715,0.75324,0.75361,2.09,1.32
2012.12.31 15:27:52.474,0.75326,0.75361,1.34,1.32
2012.12.31 15:27:52.915,0.75324,0.75361,2.09,1.32
2012.12.31 15:27:53.764,0.75326,0.75361,1.34,1.13
2012.12.31 15:27:54.345,0.75327,0.7536,1.56,1.13
2012.12.31 15:28:08.474,0.75327,0.75363,2.31,1.28
2012.12.31 15:28:08.533,0.75322,0.75361,2.33,1.50
2012.12.31 15:28:08.663,0.75324,0.75361,1.13,1.35
2012.12.31 15:28:08.724,0.75328,0.75365,1.73,1.13
2012.12.31 15:28:08.903,0.75328,0.75365,2.48,1.13
2012.12.31 15:28:08.963,0.7533,0.75369,1.27,1.69
2012.12.31 15:28:15.774,0.75331,0.75363,1.34,1.13
2012.12.31 15:28:16.844,0.75327,0.75363,2.84,1.13
2012.12.31 15:28:17.335,0.75331,0.75364,1.34,1.13
2012.12.31 15:28:20.943,0.75334,0.75366,1.34,1.13
2012.12.31 15:28:21.124,0.75336,0.75368,1.56,1.13
2012.12.31 15:28:21.463,0.7533,0.75366,1.14,1.13
2012.12.31 15:28:22.066,0.75331,0.75364,1.52,1.13
2012.12.31 15:28:25.426,0.75331,0.75364,1.52,1.13
2012.12.31 15:28:25.544,0.75331,0.75364,1.32,1.13
2012.12.31 15:28:25.995,0.75331,0.75367,1.52,1.13
2012.12.31 15:28:29.485,0.75333,0.7537,1.52,1.13
2012.12.31 15:28:29.544,0.75333,0.7537,1.63,1.13
2012.12.31 15:28:30.253,0.7533,0.75366,1.63,1.13
2012.12.31 15:28:30.425,0.7533,0.75366,1.63,1.13
2012.12.31 15:28:32.204,0.75333,0.75368,1.63,1.13
2012.12.31 15:28:32.264,0.75333,0.75368,1.59,1.13
2012.12.31 15:28:38.151,0.75329,0.75364,1.29,1.32
2012.12.31 15:28:38.573,0.75327,0.75364,2.04,1.32
2012.12.31 15:28:39.134,0.75327,0.75364,4.07,1.32
2012.12.31 15:28:39.560,0.7533,0.75364,1.23,1.32
2012.12.31 15:28:39.627,0.75321,0.75364,1.73,1.32
2012.12.31 15:28:40.885,0.7533,0.75364,1.19,1.32
2012.12.31 15:28:41.375,0.75331,0.75364,1.56,1.32
2012.12.31 15:28:41.494,0.75331,0.75368,1.20,1.13
2012.12.31 15:28:46.144,0.7533,0.75366,1.52,1.13
2012.12.31 15:28:46.385,0.75326,0.75366,1.60,1.13
2012.12.31 15:28:47.855,0.75324,0.75365,1.46,1.13
2012.12.31 15:28:48.084,0.75325,0.75364,3.11,1.32
2012.12.31 15:28:48.953,0.75326,0.75359,2.00,1.13
2012.12.31 15:28:49.224,0.75327,0.75371,1.77,1.35
2012.12.31 15:28:49.344,0.75329,0.75371,1.26,1.13
2012.12.31 15:28:49.404,0.75332,0.75371,1.63,1.13
2012.12.31 15:28:49.554,0.75332,0.7537,1.56,1.13
2012.12.31 15:29:16.834,0.75331,0.75368,1.31,1.13
2012.12.31 15:29:17.459,0.75328,0.75365,3.13,1.13
2012.12.31 15:29:18.311,0.75328,0.75365,3.13,1.13
2012.12.31 15:29:18.377,0.75328,0.75365,2.38,1.32
2012.12.31 15:29:18.915,0.75328,0.75366,2.38,1.13
2012.12.31 15:29:19.035,0.75328,0.75366,2.00,1.13
2012.12.31 15:29:21.663,0.75331,0.75367,1.25,1.13
2012.12.31 15:29:21.964,0.75332,0.7537,1.25,1.13
2012.12.31 15:29:22.324,0.75332,0.75369,1.20,1.13
2012.12.31 15:29:22.384,0.75332,0.75369,1.56,1.13
2012.12.31 15:29:23.695,0.75332,0.75369,2.31,1.13
2012.12.31 15:29:24.212,0.75333,0.7537,2.00,1.13
2012.12.31 15:29:26.634,0.75334,0.75372,2.00,1.13
2012.12.31 15:29:26.874,0.75333,0.75375,2.42,1.69
2012.12.31 15:29:40.386,0.75336,0.75375,2.16,1.32
2012.12.31 15:29:41.925,0.75333,0.75373,2.91,1.32
2012.12.31 15:30:00.475,0.75337,0.75374,1.42,1.13
2012.12.31 15:30:00.784,0.75341,0.75377,1.69,1.13
2012.12.31 15:30:00.844,0.75341,0.75377,1.44,1.13
2012.12.31 15:30:00.964,0.75341,0.75382,1.35,1.13
2012.12.31 15:30:01.315,0.75337,0.75379,2.29,1.13
2012.12.31 15:30:01.597,0.75341,0.75379,2.64,1.13
2012.12.31 15:30:05.234,0.75341,0.7538,1.89,1.13
2012.12.31 15:30:05.716,0.75341,0.7538,1.14,1.13
2012.12.31 15:30:06.215,0.75342,0.7538,1.52,1.13
2012.12.31 15:30:06.646,0.75341,0.7538,1.14,1.13
2012.12.31 15:30:14.855,0.75338,0.75378,2.42,1.13
2012.12.31 15:30:15.040,0.75337,0.7537,1.22,1.13
2012.12.31 15:30:40.954,0.75334,0.75376,2.16,1.13
2012.12.31 15:30:41.745,0.75334,0.75376,2.16,1.13
2012.12.31 15:30:44.710,0.75337,0.75377,2.09,1.13
2012.12.31 15:30:55.825,0.75337,0.75376,1.34,1.13
2012.12.31 15:30:56.212,0.75337,0.75377,2.34,1.13
2012.12.31 15:30:57.254,0.75337,0.75377,1.59,1.13
2012.12.31 15:30:57.793,0.75337,0.75377,1.36,1.13
2012.12.31 15:30:59.290,0.75337,0.75377,2.86,1.13
2012.12.31 15:31:00.154,0.75337,0.75377,2.11,1.13
2012.12.31 15:31:39.535,0.75342,0.75377,1.36,1.13
2012.12.31 15:31:39.725,0.75342,0.75377,1.20,1.13
2012.12.31 15:31:40.394,0.75339,0.75378,1.20,1.13
2012.12.31 15:31:42.006,0.7534,0.75378,1.95,1.13
2012.12.31 15:31:42.233,0.75339,0.75376,2.36,1.13
2012.12.31 15:31:45.469,0.75339,0.75376,2.36,1.13
2012.12.31 15:32:03.900,0.75342,0.75379,1.61,1.13
2012.12.31 15:32:04.177,0.75342,0.75379,1.61,1.13
2012.12.31 15:32:04.534,0.75346,0.75381,1.73,1.13
2012.12.31 15:32:04.714,0.75346,0.75388,2.01,2.85
2012.12.31 15:32:05.072,0.75347,0.75388,1.19,2.63
2012.12.31 15:32:05.194,0.75347,0.75388,1.19,1.13
2012.12.31 15:32:05.715,0.75347,0.75385,2.36,1.13
2012.12.31 15:32:06.260,0.75347,0.75383,2.07,1.13
2012.12.31 15:32:07.091,0.75347,0.75383,2.07,1.13
2012.12.31 15:32:07.744,0.75348,0.75385,2.07,1.13
2012.12.31 15:32:07.804,0.75348,0.75385,2.07,1.13
2012.12.31 15:32:09.740,0.75349,0.75387,2.16,1.13
2012.12.31 15:32:10.283,0.75349,0.75388,1.36,1.13
2012.12.31 15:32:15.074,0.75349,0.75389,2.79,1.13
2012.12.31 15:32:32.964,0.75346,0.75384,2.04,1.13
2012.12.31 15:32:33.085,0.75346,0.75381,2.11,1.13
2012.12.31 15:32:34.201,0.75346,0.7538,1.36,1.13
2012.12.31 15:32:36.389,0.75341,0.75381,2.86,1.13
2012.12.31 15:32:38.037,0.75341,0.75381,2.11,1.13
2012.12.31 15:32:38.166,0.75342,0.75374,2.11,1.13
2012.12.31 15:32:38.225,0.75342,0.75374,1.95,1.13
2012.12.31 15:32:38.345,0.75341,0.75374,3.11,1.13
2012.12.31 15:32:38.405,0.75341,0.75374,2.36,1.13
2012.12.31 15:32:38.465,0.75341,0.75374,2.02,1.13
2012.12.31 15:32:38.654,0.75337,0.75375,2.36,1.13
2012.12.31 15:32:38.913,0.75337,0.75375,2.36,1.13
2012.12.31 15:32:43.155,0.75337,0.75375,3.11,1.13
2012.12.31 15:32:43.684,0.75337,0.75376,3.57,1.13
2012.12.31 15:32:44.255,0.75337,0.75376,3.57,1.13
2012.12.31 15:32:44.374,0.75337,0.75376,3.57,1.13
2012.12.31 15:32:44.675,0.75338,0.75375,1.32,1.13
2012.12.31 15:32:45.291,0.75338,0.75375,1.59,1.13
2012.12.31 15:32:46.814,0.75338,0.75375,1.59,1.13
2012.12.31 15:32:47.555,0.75337,0.75375,2.36,1.13
2012.12.31 15:32:51.334,0.75341,0.75375,1.61,1.13
2012.12.31 15:32:52.654,0.75341,0.75376,1.20,1.13
2012.12.31 15:32:53.924,0.75341,0.75376,1.63,1.13
2012.12.31 15:32:54.604,0.75339,0.75375,2.38,1.13
2012.12.31 15:32:54.664,0.75339,0.75372,2.36,1.13
2012.12.31 15:32:54.985,0.75338,0.75367,2.36,1.13
2012.12.31 15:32:55.105,0.75335,0.75368,1.95,1.13
2012.12.31 15:32:56.114,0.75332,0.75368,1.40,1.13
2012.12.31 15:32:56.255,0.75337,0.75368,1.27,1.13
2012.12.31 15:32:58.288,0.75332,0.75368,3.65,1.13
2012.12.31 15:33:00.454,0.75337,0.75368,1.27,1.13
2012.12.31 15:33:01.696,0.75332,0.75367,1.40,1.13
2012.12.31 15:33:17.116,0.75337,0.75371,1.27,1.13
2012.12.31 15:33:18.656,0.75333,0.75371,2.77,1.13
2012.12.31 15:33:20.855,0.75333,0.75372,1.95,1.13
2012.12.31 15:33:21.275,0.75332,0.75372,1.32,1.13
2012.12.31 15:33:21.994,0.75332,0.7537,1.38,1.13
2012.12.31 15:33:22.068,0.75332,0.7537,1.20,1.13
2012.12.31 15:33:22.404,0.75332,0.7537,1.52,1.13
2012.12.31 15:33:23.385,0.75331,0.75369,1.52,1.13
2012.12.31 15:33:23.515,0.75331,0.75369,1.32,1.13
2012.12.31 15:33:23.634,0.7533,0.75361,2.11,1.13
2012.12.31 15:33:23.934,0.75325,0.75359,1.24,1.13
2012.12.31 15:33:24.401,0.75327,0.75357,1.44,1.13
2012.12.31 15:33:25.490,0.75327,0.75358,1.40,1.13
2012.12.31 15:33:31.608,0.75327,0.75362,1.59,1.13
2012.12.31 15:33:31.785,0.75327,0.75362,1.50,1.13
2012.12.31 15:33:34.909,0.75327,0.75364,1.50,1.13
2012.12.31 15:33:35.218,0.75325,0.75359,1.24,1.13
2012.12.31 15:33:35.274,0.75324,0.75359,1.98,1.13
2012.12.31 15:33:35.334,0.75324,0.75359,1.95,1.13
2012.12.31 15:33:35.874,0.75322,0.75357,2.06,1.13
2012.12.31 15:33:41.764,0.75322,0.75357,1.41,1.13
2012.12.31 15:33:41.894,0.75321,0.75354,1.41,1.13
2012.12.31 15:33:41.954,0.75319,0.75354,2.48,1.13
2012.12.31 15:33:42.075,0.75321,0.7535,1.56,1.13
2012.12.31 15:33:42.195,0.75319,0.7535,1.50,1.13
2012.12.31 15:33:42.314,0.75317,0.75349,1.20,1.13
2012.12.31 15:33:42.627,0.75317,0.75349,1.20,1.13
2012.12.31 15:33:54.674,0.75317,0.75347,1.20,1.13
2012.12.31 15:33:54.794,0.75313,0.75344,1.54,1.13
2012.12.31 15:33:54.865,0.75312,0.75344,1.20,1.13
2012.12.31 15:33:54.984,0.75309,0.75344,2.48,1.28
2012.12.31 15:33:55.408,0.75311,0.75343,1.43,1.13
2012.12.31 15:33:55.464,0.75312,0.75343,1.43,1.13
2012.12.31 15:33:55.644,0.75307,0.75345,1.43,1.13
2012.12.31 15:33:55.885,0.75307,0.75344,1.61,1.13
2012.12.31 15:33:56.064,0.75307,0.75347,2.11,1.69
2012.12.31 15:33:56.604,0.75308,0.75344,2.29,1.32
2012.12.31 15:33:57.537,0.75308,0.75345,2.20,1.13
2012.12.31 15:34:14.465,0.75312,0.75348,1.45,1.32
2012.12.31 15:34:14.584,0.75316,0.75348,1.36,1.32
2012.12.31 15:34:15.406,0.75311,0.75348,1.89,1.32
2012.12.31 15:34:15.584,0.75311,0.75348,1.80,1.32
2012.12.31 15:34:23.835,0.7531,0.75348,2.48,1.54
2012.12.31 15:34:23.955,0.75311,0.75349,1.56,1.69
2012.12.31 15:34:24.524,0.75311,0.75347,1.54,1.13
2012.12.31 15:34:24.584,0.75311,0.75347,1.54,1.13
2012.12.31 15:34:24.644,0.75311,0.75349,1.59,1.32
2012.12.31 15:34:25.204,0.75312,0.75349,3.09,1.32
2012.12.31 15:34:27.634,0.75312,0.75349,2.70,1.32
2012.12.31 15:34:29.464,0.75312,0.75348,1.34,1.13
2012.12.31 15:34:30.383,0.75312,0.75349,1.36,1.32
2012.12.31 15:34:36.096,0.75316,0.75349,1.36,1.13
2012.12.31 15:34:36.155,0.75316,0.75353,1.32,1.13
2012.12.31 15:34:38.041,0.75316,0.75354,1.52,1.69
2012.12.31 15:34:38.726,0.75316,0.75354,2.77,1.69
2012.12.31 15:34:40.977,0.75316,0.75351,2.93,1.13
2012.12.31 15:34:41.034,0.75316,0.75353,1.20,1.13
2012.12.31 15:34:41.395,0.75316,0.75354,2.48,1.69
2012.12.31 15:34:41.458,0.75314,0.75353,2.29,1.13
2012.12.31 15:34:42.224,0.75313,0.7535,2.29,1.13
2012.12.31 15:34:42.774,0.75313,0.7535,2.31,1.13
2012.12.31 15:34:44.286,0.75313,0.7535,2.31,1.13
2012.12.31 15:34:46.644,0.75314,0.7535,1.56,1.13
2012.12.31 15:34:49.055,0.75316,0.7535,1.34,1.13
2012.12.31 15:34:49.476,0.75312,0.75352,2.84,1.13
2012.12.31 15:34:49.648,0.75312,0.75352,2.84,1.13
2012.12.31 15:34:49.765,0.75312,0.75352,2.09,1.13
2012.12.31 15:34:50.266,0.75311,0.7535,3.00,1.13
2012.12.31 15:34:52.725,0.75309,0.75349,3.00,1.32
2012.12.31 15:35:24.657,0.75315,0.7535,1.31,1.13
2012.12.31 15:35:24.776,0.75315,0.75347,1.08,1.13
2012.12.31 15:35:25.378,0.75314,0.75348,1.02,1.13
2012.12.31 15:35:25.535,0.75315,0.75348,1.38,1.13
2012.12.31 15:35:26.088,0.75315,0.75348,1.38,1.13
2012.12.31 15:35:26.315,0.75311,0.75345,1.44,1.13
2012.12.31 15:35:46.205,0.75308,0.75349,2.02,1.13
2012.12.31 15:36:16.017,0.75311,0.7535,1.08,1.13
2012.12.31 15:36:18.395,0.75311,0.7535,1.08,1.13
2012.12.31 15:36:19.969,0.75309,0.75348,2.54,1.13
2012.12.31 15:36:20.541,0.75309,0.75349,1.71,1.13
2012.12.31 15:36:21.180,0.75309,0.75349,1.77,1.13
2012.12.31 15:36:26.815,0.7531,0.75347,1.73,1.13
2012.12.31 15:36:26.936,0.75309,0.75347,1.40,1.13
2012.12.31 15:36:27.055,0.75309,0.75347,1.02,1.13
2012.12.31 15:36:30.957,0.75311,0.75344,1.45,1.13
2012.12.31 15:36:31.169,0.75309,0.75344,1.26,1.13
2012.12.31 15:36:31.286,0.75309,0.75346,1.53,1.13
2012.12.31 15:36:32.956,0.75309,0.75347,1.29,1.13
2012.12.31 15:36:51.737,0.75307,0.75346,2.04,1.13
2012.12.31 15:36:55.906,0.7531,0.75349,1.47,4.88
2012.12.31 15:36:55.965,0.75311,0.7535,1.50,1.13
2012.12.31 15:36:56.895,0.7531,0.75352,1.65,5.44
2012.12.31 15:36:57.075,0.75307,0.7535,1.74,1.35
2012.12.31 15:37:07.926,0.75311,0.75347,1.36,4.88
2012.12.31 15:37:08.486,0.75311,0.7535,1.59,1.13
2012.12.31 15:37:08.830,0.75309,0.7535,1.90,1.35
2012.12.31 15:37:09.144,0.75309,0.7535,1.88,1.13
2012.12.31 15:37:09.385,0.75311,0.75349,1.69,1.13
2012.12.31 15:37:14.007,0.75308,0.75349,2.22,1.50
2012.12.31 15:37:24.427,0.75311,0.75347,1.69,1.13
2012.12.31 15:37:24.637,0.75308,0.75345,2.44,1.13
2012.12.31 15:37:26.616,0.75311,0.75345,1.69,1.13
2012.12.31 15:37:29.696,0.75306,0.75345,1.54,1.69
2012.12.31 15:37:29.755,0.75306,0.75345,1.59,1.69
2012.12.31 15:37:29.916,0.75308,0.75345,1.59,1.69
2012.12.31 15:37:29.975,0.75312,0.75345,1.23,1.69
2012.12.31 15:37:39.209,0.75307,0.75344,1.53,1.13
2012.12.31 15:37:42.696,0.75312,0.75344,1.23,1.13
2012.12.31 15:37:42.915,0.75312,0.75347,1.54,1.13
2012.12.31 15:37:43.416,0.75312,0.75349,1.34,1.13
2012.12.31 15:37:44.925,0.75312,0.75346,1.45,1.13
2012.12.31 15:37:45.046,0.75312,0.75346,1.34,1.13
2012.12.31 15:37:45.106,0.75312,0.75346,1.27,1.13
2012.12.31 15:37:45.225,0.75309,0.75347,1.30,1.13
2012.12.31 15:37:45.285,0.75312,0.75347,1.34,1.13
2012.12.31 15:37:46.957,0.75309,0.75346,1.20,1.13
2012.12.31 15:37:58.115,0.75307,0.75348,1.27,1.13
2012.12.31 15:37:58.265,0.75307,0.75348,1.45,1.13
2012.12.31 15:38:46.926,0.75308,0.75351,1.08,1.17
2012.12.31 15:38:48.456,0.75307,0.75351,1.83,1.17
2012.12.31 15:38:52.693,0.75307,0.75351,1.45,1.17
2012.12.31 15:38:52.935,0.75308,0.75351,1.08,1.17
2012.12.31 15:38:54.965,0.75308,0.75351,1.45,1.17
2012.12.31 15:38:56.636,0.75307,0.75351,1.45,1.17
2012.12.31 15:38:57.206,0.75309,0.75351,1.08,1.17
2012.12.31 15:38:58.645,0.75309,0.75351,2.20,1.54
2012.12.31 15:39:03.375,0.75309,0.7535,2.36,1.54
2012.12.31 15:39:15.707,0.75309,0.75349,3.86,1.73
2012.12.31 15:39:17.246,0.75309,0.75349,3.11,1.73
2012.12.31 15:39:18.115,0.75309,0.75349,3.86,1.73
2012.12.31 15:39:23.214,0.75312,0.7535,1.60,1.13
2012.12.31 15:39:23.396,0.75311,0.75349,1.73,1.35
2012.12.31 15:39:26.845,0.75311,0.7535,1.36,1.50
2012.12.31 15:39:26.966,0.75314,0.7535,1.58,1.50
2012.12.31 15:39:27.608,0.75311,0.75348,1.62,1.13
2012.12.31 15:39:32.886,0.75311,0.75353,1.10,1.54
2012.12.31 15:39:32.945,0.75307,0.75351,1.14,1.13
2012.12.31 15:39:33.136,0.7531,0.75348,2.15,1.13
2012.12.31 15:39:33.196,0.75311,0.75348,1.25,1.13
2012.12.31 15:39:33.605,0.7531,0.75349,2.63,1.35
2012.12.31 15:39:33.777,0.75314,0.75349,1.59,1.13
2012.12.31 15:40:08.447,0.75313,0.75349,3.23,1.13
2012.12.31 15:40:08.506,0.75313,0.75349,2.48,1.13
2012.12.31 15:40:09.087,0.75312,0.75349,3.23,1.13
2012.12.31 15:40:25.105,0.7531,0.7535,2.29,1.50
2012.12.31 15:40:30.495,0.75312,0.75349,1.73,1.50
2012.12.31 15:40:30.954,0.7531,0.7535,2.29,1.50
2012.12.31 15:40:51.166,0.75309,0.75345,1.54,1.13
2012.12.31 15:40:51.586,0.75306,0.75343,2.95,1.13
2012.12.31 15:40:51.707,0.75307,0.75348,1.45,1.35
2012.12.31 15:40:51.766,0.75308,0.75348,1.34,1.13
2012.12.31 15:40:52.687,0.75311,0.75349,1.34,1.50
2012.12.31 15:40:53.444,0.75311,0.7535,2.70,2.07
2012.12.31 15:40:53.946,0.75312,0.7535,1.20,2.07
2012.12.31 15:40:54.228,0.75312,0.7535,1.20,2.07
2012.12.31 15:40:55.767,0.75309,0.7535,1.95,2.07
2012.12.31 15:40:56.007,0.75308,0.7535,2.17,1.73
2012.12.31 15:40:57.306,0.75309,0.75348,3.04,1.35
2012.12.31 15:40:58.104,0.7531,0.75348,2.48,1.13
2012.12.31 15:40:58.165,0.7531,0.75348,2.48,1.35
2012.12.31 15:40:58.225,0.7531,0.75348,1.73,1.35
2012.12.31 15:40:59.816,0.75309,0.7535,1.39,1.13
2012.12.31 15:40:59.876,0.75312,0.75348,1.20,1.32
2012.12.31 15:40:59.935,0.75316,0.75349,1.63,1.13
2012.12.31 15:41:26.986,0.75314,0.75352,2.48,1.35
2012.12.31 15:41:30.536,0.75311,0.75347,1.73,1.13
2012.12.31 15:41:42.716,0.75315,0.75351,2.48,1.54
2012.12.31 15:41:42.857,0.75315,0.75351,2.97,1.32
2012.12.31 15:41:43.497,0.75315,0.7535,1.73,1.13
2012.12.31 15:41:46.767,0.75313,0.75346,2.48,1.13
2012.12.31 15:41:46.886,0.75314,0.7535,1.50,1.13
2012.12.31 15:41:55.806,0.75311,0.75348,2.16,1.13
2012.12.31 15:41:55.946,0.75311,0.75348,2.13,1.13
2012.12.31 15:41:57.457,0.75312,0.75344,2.88,1.13
2012.12.31 15:41:57.696,0.75309,0.75342,1.34,1.13
2012.12.31 15:41:58.986,0.7531,0.75345,1.38,1.13
2012.12.31 15:41:59.347,0.75313,0.75346,1.38,1.13
2012.12.31 15:41:59.466,0.75315,0.75346,1.52,1.13
2012.12.31 15:42:14.706,0.7531,0.75344,2.84,1.13
2012.12.31 15:42:14.811,0.7531,0.75344,2.84,1.13
2012.12.31 15:42:15.098,0.75315,0.75343,1.54,1.13
2012.12.31 15:42:15.216,0.7531,0.75344,2.97,1.13
2012.12.31 15:42:17.976,0.75314,0.75346,1.45,1.13
2012.12.31 15:42:23.575,0.75311,0.75349,1.38,1.69
2012.12.31 15:42:23.796,0.7531,0.75347,2.48,1.35
2012.12.31 15:42:23.856,0.7531,0.75344,2.48,1.13
2012.12.31 15:42:24.242,0.75309,0.75341,2.48,1.13
2012.12.31 15:42:27.687,0.75308,0.75342,1.73,1.13
2012.12.31 15:42:29.616,0.75307,0.75339,2.97,1.13
2012.12.31 15:42:34.447,0.75305,0.7534,2.22,1.13
2012.12.31 15:42:34.566,0.75289,0.75326,2.63,1.13
2012.12.31 15:42:34.696,0.75297,0.75333,1.73,1.35
2012.12.31 15:42:34.756,0.75302,0.75333,1.38,1.13
2012.12.31 15:42:34.816,0.75302,0.75333,1.38,1.13
2012.12.31 15:42:34.877,0.75301,0.75332,1.38,1.13
2012.12.31 15:42:34.996,0.75298,0.75332,1.56,1.13
2012.12.31 15:42:35.426,0.75292,0.7533,2.88,1.13
2012.12.31 15:42:35.486,0.75292,0.7533,2.88,1.13
2012.12.31 15:42:35.666,0.75292,0.7533,1.38,1.13
2012.12.31 15:42:35.726,0.75298,0.75331,1.25,1.13
2012.12.31 15:42:36.307,0.75296,0.75331,1.25,1.13
2012.12.31 15:42:36.626,0.75289,0.75325,1.51,1.13
2012.12.31 15:42:36.886,0.75289,0.75325,1.51,1.13
2012.12.31 15:42:37.596,0.75296,0.75329,1.47,1.13
2012.12.31 15:42:41.808,0.75297,0.75331,1.47,1.13
2012.12.31 15:42:41.868,0.75293,0.75331,1.47,1.13
2012.12.31 15:42:42.196,0.75296,0.75328,1.73,1.13
2012.12.31 15:42:42.397,0.75298,0.75329,1.59,1.13
2012.12.31 15:42:43.625,0.75297,0.75333,1.59,1.13
2012.12.31 15:42:44.840,0.75298,0.75334,1.59,1.13
2012.12.31 15:42:45.176,0.75301,0.75338,1.29,1.32
2012.12.31 15:42:45.699,0.75301,0.75338,1.36,1.69
2012.12.31 15:42:51.517,0.75301,0.75338,2.48,1.54
2012.12.31 15:42:52.186,0.75301,0.75338,1.13,1.54
2012.12.31 15:42:52.367,0.75306,0.75338,1.13,1.32
2012.12.31 15:42:52.727,0.75309,0.75337,1.73,1.32
2012.12.31 15:42:52.791,0.75309,0.75337,1.73,1.54
2012.12.31 15:42:52.909,0.75302,0.75337,1.56,1.69
2012.12.31 15:42:53.026,0.75301,0.75337,1.47,1.69
2012.12.31 15:42:53.442,0.75303,0.75337,1.73,1.92
2012.12.31 15:42:53.497,0.75303,0.75337,1.73,1.92
2012.12.31 15:42:54.018,0.75303,0.75337,1.73,1.69
2012.12.31 15:42:54.677,0.75303,0.75337,2.48,1.69
2012.12.31 15:43:00.103,0.75303,0.75337,2.97,1.32
2012.12.31 15:43:00.226,0.75303,0.75337,2.48,1.32
2012.12.31 15:43:00.896,0.75303,0.75337,3.00,1.32
2012.12.31 15:43:01.108,0.75304,0.75337,2.48,1.32
2012.12.31 15:43:05.698,0.75302,0.75337,2.93,1.32
2012.12.31 15:43:12.357,0.75303,0.7534,2.48,1.69
2012.12.31 15:43:12.547,0.75306,0.7534,1.32,1.32
2012.12.31 15:43:19.556,0.75307,0.7534,2.48,1.69
2012.12.31 15:43:20.536,0.75307,0.7534,2.48,1.32
2012.12.31 15:43:40.637,0.7531,0.75342,1.73,1.13
2012.12.31 15:43:40.887,0.75309,0.75341,1.73,1.13
2012.12.31 15:43:41.396,0.75307,0.75339,1.73,1.65
2012.12.31 15:43:41.456,0.75307,0.75339,1.73,1.88
2012.12.31 15:43:41.577,0.75307,0.75339,1.73,1.88
2012.12.31 15:43:45.759,0.75299,0.75333,1.88,1.13
2012.12.31 15:43:46.498,0.75297,0.75328,1.88,1.13
2012.12.31 15:43:46.617,0.75297,0.75328,1.88,1.13
2012.12.31 15:43:47.738,0.75292,0.75327,2.63,1.13
2012.12.31 15:43:48.246,0.75294,0.75329,1.32,1.13
2012.12.31 15:43:49.662,0.75295,0.7533,1.34,1.50
2012.12.31 15:43:53.786,0.75295,0.75332,2.63,1.35
2012.12.31 15:43:55.687,0.75298,0.75331,1.73,1.13
2012.12.31 15:43:55.747,0.75298,0.75331,1.73,1.35
2012.12.31 15:43:59.811,0.75291,0.75328,2.48,1.13
2012.12.31 15:44:00.009,0.75291,0.75328,2.48,1.13
2012.12.31 15:44:00.367,0.75293,0.75328,1.73,1.13
2012.12.31 15:44:07.240,0.75293,0.75324,1.73,1.13
2012.12.31 15:44:09.236,0.7529,0.75323,1.13,1.13
2012.12.31 15:44:15.344,0.75288,0.75323,1.88,1.13
2012.12.31 15:44:15.827,0.75286,0.75322,1.28,1.13
2012.12.31 15:44:17.936,0.75288,0.75321,1.88,1.13
2012.12.31 15:44:18.247,0.75286,0.75318,1.13,1.13
2012.12.31 15:44:21.676,0.75281,0.75316,1.28,1.13
2012.12.31 15:44:22.349,0.7528,0.75313,2.48,1.13
2012.12.31 15:44:25.486,0.75278,0.75313,1.88,1.13
2012.12.31 15:44:26.046,0.75277,0.7531,1.88,1.13
2012.12.31 15:44:26.166,0.75276,0.75308,1.47,1.13
2012.12.31 15:44:27.768,0.7528,0.75313,1.13,1.13
2012.12.31 15:44:27.947,0.75278,0.75313,1.88,1.13
2012.12.31 15:44:28.998,0.75278,0.75312,1.73,1.13
2012.12.31 15:44:32.836,0.75277,0.75313,1.59,1.13
2012.12.31 15:44:34.778,0.75278,0.75307,1.73,1.13
2012.12.31 15:44:34.978,0.75275,0.75308,2.15,1.13
2012.12.31 15:44:35.376,0.75275,0.75307,1.73,1.13
2012.12.31 15:44:43.908,0.75272,0.75305,2.44,1.13
2012.12.31 15:44:44.307,0.7527,0.75303,2.48,1.13
2012.12.31 15:44:45.657,0.75269,0.75302,1.88,1.13
2012.12.31 15:44:46.328,0.75265,0.75299,1.11,1.13
2012.12.31 15:44:46.473,0.75263,0.75299,1.32,1.13
2012.12.31 15:44:47.144,0.75267,0.75299,1.13,1.13
2012.12.31 15:44:47.577,0.75262,0.75296,1.68,1.13
2012.12.31 15:44:47.697,0.75264,0.75293,1.88,1.13
2012.12.31 15:44:47.817,0.75264,0.75293,1.88,1.13
2012.12.31 15:44:49.508,0.75253,0.7529,1.41,1.13
2012.12.31 15:44:50.058,0.75257,0.7529,1.13,1.13
2012.12.31 15:44:50.533,0.75257,0.7529,1.13,1.13
2012.12.31 15:44:50.858,0.75257,0.7529,1.13,1.13
2012.12.31 15:44:53.310,0.75256,0.75293,1.01,1.13
2012.12.31 15:44:53.427,0.75253,0.75293,1.34,1.28
2012.12.31 15:44:54.054,0.75252,0.75289,3.84,1.13
2012.12.31 15:44:55.687,0.75252,0.75289,1.69,1.35
2012.12.31 15:44:58.770,0.75256,0.75289,1.13,1.35
2012.12.31 15:45:00.098,0.75252,0.75289,1.28,1.35
2012.12.31 15:45:01.519,0.75251,0.75287,2.19,1.13
2012.12.31 15:45:02.398,0.75251,0.75284,2.19,1.13
2012.12.31 15:45:03.948,0.75254,0.75288,1.13,1.13
2012.12.31 15:45:04.526,0.7525,0.75287,1.23,1.13
2012.12.31 15:45:12.628,0.7525,0.75288,1.23,1.13
2012.12.31 15:45:25.596,0.75248,0.75286,1.79,1.13
2012.12.31 15:45:25.777,0.75248,0.75284,1.81,1.13
2012.12.31 15:45:25.850,0.75248,0.75284,1.54,1.13
2012.12.31 15:45:27.450,0.75246,0.75283,2.06,1.13
2012.12.31 15:45:27.569,0.75246,0.75282,1.31,1.13
2012.12.31 15:45:27.886,0.75243,0.75282,1.14,1.13
2012.12.31 15:45:28.007,0.75242,0.75282,1.69,1.35
2012.12.31 15:45:29.598,0.75244,0.75283,1.32,1.35
2012.12.31 15:45:29.657,0.75246,0.75283,1.32,1.13
2012.12.31 15:45:30.136,0.75247,0.75284,1.32,1.13
2012.12.31 15:45:30.196,0.75251,0.75284,1.38,1.13
2012.12.31 15:45:30.256,0.75251,0.75286,1.38,1.13
2012.12.31 15:45:32.958,0.75248,0.75284,2.13,1.13
2012.12.31 15:45:35.049,0.75247,0.75282,3.45,1.13
2012.12.31 15:45:36.229,0.75246,0.75282,2.70,1.13
2012.12.31 15:45:36.427,0.75245,0.75281,2.95,1.13
2012.12.31 15:45:37.977,0.75247,0.75283,1.54,1.13
2012.12.31 15:45:38.686,0.75247,0.75284,1.81,1.13
2012.12.31 15:45:39.247,0.75247,0.75287,1.92,1.35
2012.12.31 15:45:40.159,0.75247,0.75287,1.35,1.35
2012.12.31 15:45:40.337,0.75251,0.75287,1.63,1.13
2012.12.31 15:45:41.025,0.75249,0.75289,1.26,1.54
2012.12.31 15:45:42.016,0.75251,0.75289,1.63,1.54
2012.12.31 15:45:43.449,0.75254,0.75289,1.56,1.32
2012.12.31 15:45:46.208,0.75253,0.75293,2.31,1.35
2012.12.31 15:45:46.758,0.75255,0.75293,1.59,1.13
2012.12.31 15:45:47.590,0.75252,0.75293,3.09,1.13
2012.12.31 15:45:48.166,0.75252,0.75293,3.04,1.13
2012.12.31 15:45:48.688,0.75253,0.75289,1.54,1.13
2012.12.31 15:45:49.728,0.75251,0.75289,1.54,1.13
2012.12.31 15:45:50.388,0.7525,0.75289,1.54,1.13
2012.12.31 15:45:50.506,0.7525,0.75289,1.61,1.35
2012.12.31 15:45:50.626,0.75249,0.75289,1.42,1.35
2012.12.31 15:45:50.746,0.75246,0.7528,2.48,1.54
2012.12.31 15:45:51.609,0.75243,0.7528,1.73,1.69
2012.12.31 15:45:51.886,0.75243,0.7528,1.73,1.92
2012.12.31 15:45:52.007,0.75243,0.7528,1.73,1.92
2012.12.31 15:45:52.327,0.75244,0.75274,1.73,1.13
2012.12.31 15:45:52.446,0.75242,0.75273,2.48,1.32
2012.12.31 15:45:52.867,0.75239,0.75273,1.61,1.69
2012.12.31 15:45:53.047,0.75227,0.75266,1.73,1.35
2012.12.31 15:45:53.166,0.7523,0.75264,1.73,1.13
2012.12.31 15:45:53.348,0.75222,0.7526,2.48,1.54
2012.12.31 15:45:55.148,0.7522,0.75259,3.23,1.35
2012.12.31 15:45:55.329,0.75224,0.75262,1.21,1.13
2012.12.31 15:45:55.707,0.75222,0.75258,3.24,1.13
2012.12.31 15:45:55.938,0.75225,0.75259,1.59,1.13
2012.12.31 15:45:56.056,0.75226,0.75261,1.38,1.13
2012.12.31 15:45:56.998,0.75225,0.7526,2.13,1.13
2012.12.31 15:45:57.057,0.75222,0.75258,1.96,1.13
2012.12.31 15:45:57.676,0.75223,0.75258,2.34,1.13
2012.12.31 15:45:59.738,0.75224,0.75258,3.38,1.13
2012.12.31 15:45:59.797,0.75227,0.75258,1.63,1.13
2012.12.31 15:46:03.032,0.75224,0.75261,3.28,1.13
2012.12.31 15:46:03.336,0.75225,0.7526,1.73,1.13
2012.12.31 15:46:03.756,0.75223,0.75258,2.63,1.35
2012.12.31 15:46:04.697,0.75223,0.75259,1.35,1.13
2012.12.31 15:46:06.737,0.75223,0.75259,1.20,1.69
2012.12.31 15:46:06.797,0.75217,0.75259,1.38,1.92
2012.12.31 15:46:08.677,0.75221,0.75258,2.48,1.35
2012.12.31 15:46:08.736,0.75221,0.75258,3.23,1.35
2012.12.31 15:46:09.447,0.75227,0.75259,1.73,1.32
2012.12.31 15:46:22.727,0.75227,0.75262,3.35,1.32
2012.12.31 15:46:30.418,0.75226,0.75262,1.35,1.32
2012.12.31 15:46:32.001,0.75228,0.75261,2.10,1.32
2012.12.31 15:46:32.099,0.75228,0.75261,2.10,1.54
2012.12.31 15:46:32.568,0.75226,0.75262,1.73,1.54
2012.12.31 15:46:34.409,0.75223,0.75262,2.25,1.54
2012.12.31 15:46:50.637,0.75222,0.75261,1.13,5.10
2012.12.31 15:46:50.987,0.75222,0.75259,1.88,1.35
2012.12.31 15:46:54.618,0.75221,0.75258,2.63,1.35
2012.12.31 15:46:54.737,0.75222,0.75259,2.63,1.13
2012.12.31 15:46:55.157,0.75222,0.75258,1.13,1.32
2012.12.31 15:46:55.338,0.75221,0.75257,2.10,1.13
2012.12.31 15:46:55.398,0.75221,0.75258,2.60,1.47
2012.12.31 15:46:55.526,0.7522,0.75258,2.75,1.47
2012.12.31 15:46:56.917,0.75223,0.75254,1.13,1.32
2012.12.31 15:46:57.097,0.75224,0.75264,1.45,1.73
2012.12.31 15:46:57.407,0.75224,0.75264,1.45,1.73
2012.12.31 15:46:57.527,0.75224,0.75263,1.13,1.13
2012.12.31 15:46:57.826,0.7522,0.75259,1.54,1.73
2012.12.31 15:46:57.947,0.75221,0.75259,1.44,1.50
2012.12.31 15:46:58.307,0.75225,0.75263,1.25,1.13
2012.12.31 15:46:58.558,0.75224,0.75262,1.40,1.13
2012.12.31 15:46:58.688,0.75224,0.75262,1.40,1.13
2012.12.31 15:46:58.997,0.75221,0.7526,1.54,1.35
2012.12.31 15:46:59.898,0.75215,0.75256,1.34,1.54
2012.12.31 15:47:00.067,0.75219,0.75256,2.85,1.54
2012.12.31 15:47:00.616,0.75212,0.75252,1.74,1.35
2012.12.31 15:47:00.949,0.75212,0.75252,1.74,1.35
2012.12.31 15:47:01.957,0.75206,0.75252,1.50,1.35
2012.12.31 15:47:02.876,0.75211,0.75249,2.67,1.35
2012.12.31 15:47:03.056,0.75212,0.75253,1.46,1.35
2012.12.31 15:47:03.776,0.75212,0.75253,2.36,5.10
2012.12.31 15:47:04.467,0.75212,0.75252,1.98,1.35
2012.12.31 15:47:04.587,0.75207,0.75251,1.46,1.35
2012.12.31 15:47:05.618,0.75211,0.75249,1.54,1.35
2012.12.31 15:47:05.676,0.75212,0.75249,2.27,1.13
2012.12.31 15:47:06.167,0.75212,0.75253,1.37,1.35
2012.12.31 15:47:06.476,0.75208,0.7525,3.98,1.35
2012.12.31 15:47:09.149,0.7521,0.75248,1.73,1.54
2012.12.31 15:47:11.697,0.75211,0.75248,1.73,1.54
2012.12.31 15:47:11.802,0.75211,0.75248,1.73,1.54
2012.12.31 15:47:11.917,0.7521,0.75248,1.73,1.54
2012.12.31 15:47:12.156,0.75207,0.75242,1.98,1.13
2012.12.31 15:47:17.478,0.7521,0.75248,2.48,1.54
2012.12.31 15:47:17.836,0.75211,0.75248,3.51,1.32
2012.12.31 15:47:18.342,0.75213,0.75248,1.73,1.32
2012.12.31 15:47:18.788,0.75215,0.75248,1.35,1.32
2012.12.31 15:47:18.879,0.75216,0.75248,1.20,1.32
2012.12.31 15:47:19.177,0.75214,0.75254,1.86,1.47
2012.12.31 15:47:19.390,0.75214,0.75253,1.17,1.13
2012.12.31 15:47:19.803,0.75214,0.75249,2.29,1.13
2012.12.31 15:47:20.317,0.75214,0.75249,2.44,1.13
2012.12.31 15:47:20.757,0.75214,0.75249,2.29,1.13
2012.12.31 15:47:20.818,0.75214,0.75249,2.29,1.13
2012.12.31 15:47:34.638,0.75212,0.75248,1.73,1.32
2012.12.31 15:47:38.779,0.75212,0.75248,1.73,1.54
2012.12.31 15:47:48.077,0.7521,0.75247,1.73,1.54
2012.12.31 15:47:49.448,0.75211,0.75249,1.28,1.35
2012.12.31 15:47:49.507,0.75211,0.75249,1.53,1.13
2012.12.31 15:47:50.438,0.75208,0.75253,1.50,1.92
2012.12.31 15:47:50.557,0.75209,0.75249,1.51,1.73
2012.12.31 15:47:52.862,0.75209,0.75249,1.13,1.73
2012.12.31 15:47:52.917,0.75208,0.75249,1.54,1.73
2012.12.31 15:47:53.644,0.75208,0.7525,1.45,1.35
2012.12.31 15:47:53.987,0.75208,0.7525,1.30,1.35
2012.12.31 15:47:54.197,0.75206,0.7525,1.17,1.35
2012.12.31 15:47:58.097,0.75209,0.75249,1.35,1.73
2012.12.31 15:47:58.875,0.75209,0.75249,1.35,1.73
2012.12.31 15:47:59.057,0.75211,0.7525,1.13,1.73
2012.12.31 15:47:59.377,0.75211,0.7525,1.13,1.35
2012.12.31 15:47:59.617,0.75205,0.75249,1.54,1.35
2012.12.31 15:48:02.167,0.75207,0.75249,1.73,1.35
2012.12.31 15:48:02.426,0.75208,0.75249,1.50,1.35
2012.12.31 15:48:03.097,0.7521,0.7525,1.62,1.13
2012.12.31 15:48:04.397,0.7521,0.75249,1.25,1.13
2012.12.31 15:48:04.502,0.75206,0.75249,1.92,1.35
2012.12.31 15:48:14.166,0.75205,0.75249,1.23,1.92
2012.12.31 15:48:16.097,0.75207,0.75249,1.73,1.92
2012.12.31 15:48:16.656,0.75213,0.75249,1.35,1.54
2012.12.31 15:48:16.777,0.75214,0.75249,1.32,1.32
2012.12.31 15:48:17.318,0.75208,0.75249,1.41,1.54
2012.12.31 15:48:17.767,0.75213,0.75249,1.20,1.32
2012.12.31 15:48:18.217,0.75208,0.75249,1.47,1.54
2012.12.31 15:48:22.726,0.75212,0.75251,2.07,1.32
2012.12.31 15:48:48.277,0.75214,0.75255,1.32,1.92
2012.12.31 15:48:48.337,0.75212,0.75255,1.73,1.92
2012.12.31 15:48:49.907,0.75221,0.75253,1.32,1.35
2012.12.31 15:48:50.027,0.75226,0.75262,1.65,1.63
2012.12.31 15:48:50.418,0.75227,0.75266,1.88,1.35
2012.12.31 15:48:51.661,0.75227,0.75266,1.88,1.35
2012.12.31 15:48:51.819,0.75227,0.75266,2.42,1.35
2012.12.31 15:48:54.137,0.75229,0.75266,1.73,1.13
2012.12.31 15:48:55.552,0.75231,0.75266,1.13,1.13
2012.12.31 15:48:56.148,0.75232,0.75269,2.63,1.92
2012.12.31 15:49:03.477,0.75233,0.75266,1.88,1.13
2012.12.31 15:49:03.637,0.75233,0.75268,2.63,1.35
2012.12.31 15:49:03.697,0.75236,0.75268,1.63,1.13
2012.12.31 15:49:03.883,0.75241,0.75274,2.48,1.65
2012.12.31 15:49:03.937,0.75241,0.75274,2.63,1.50
2012.12.31 15:49:04.237,0.75248,0.75283,1.88,1.13
2012.12.31 15:49:04.540,0.75254,0.75293,1.88,1.73
2012.12.31 15:49:04.667,0.75254,0.75291,1.88,1.73
2012.12.31 15:49:04.787,0.75253,0.75294,3.23,1.35
2012.12.31 15:49:06.170,0.75253,0.75298,3.23,1.17
2012.12.31 15:49:06.437,0.7527,0.75303,1.13,1.13
2012.12.31 15:49:06.499,0.7527,0.75303,1.13,1.13
2012.12.31 15:49:07.443,0.75274,0.75308,2.48,1.13
2012.12.31 15:49:07.777,0.75278,0.75313,1.52,1.13
2012.12.31 15:49:07.898,0.7528,0.75313,2.48,1.28
2012.12.31 15:49:09.307,0.7528,0.75313,2.48,1.13
2012.12.31 15:49:09.457,0.75279,0.75313,2.63,1.13
2012.12.31 15:49:10.186,0.75282,0.75313,2.48,1.13
2012.12.31 15:49:10.747,0.75296,0.75319,1.50,1.35
2012.12.31 15:49:11.258,0.75295,0.75326,1.65,1.35
2012.12.31 15:49:11.317,0.75295,0.75326,2.40,1.35
2012.12.31 15:49:11.377,0.75296,0.75326,1.13,1.13
2012.12.31 15:49:11.497,0.75296,0.75327,1.13,1.13
2012.12.31 15:49:12.609,0.75297,0.75334,1.13,1.35
2012.12.31 15:49:12.727,0.75302,0.75334,1.05,1.35
2012.12.31 15:49:12.787,0.75305,0.75334,1.13,1.13
2012.12.31 15:49:12.977,0.75305,0.75338,1.13,1.13
2012.12.31 15:49:13.037,0.75305,0.75338,1.69,1.13
2012.12.31 15:49:14.853,0.75306,0.75338,1.13,1.13
2012.12.31 15:49:15.437,0.75303,0.75339,1.01,1.13
2012.12.31 15:49:15.558,0.75302,0.75337,1.13,1.13
2012.12.31 15:49:15.677,0.75299,0.75339,3.23,1.13
2012.12.31 15:49:16.357,0.75303,0.75354,1.58,1.71
2012.12.31 15:49:16.417,0.75311,0.75354,1.47,1.71
2012.12.31 15:49:16.657,0.75311,0.75348,2.31,1.13
2012.12.31 15:49:16.777,0.75311,0.75348,1.50,1.35
2012.12.31 15:49:16.871,0.75311,0.75348,1.13,1.35
2012.12.31 15:49:17.057,0.75314,0.75345,1.73,1.13
2012.12.31 15:49:17.117,0.75306,0.75339,1.88,1.13
2012.12.31 15:49:17.297,0.75306,0.75339,1.73,1.13
2012.12.31 15:49:17.897,0.75302,0.75339,2.48,1.13
2012.12.31 15:49:17.957,0.75305,0.75338,2.63,1.13
2012.12.31 15:49:18.267,0.75305,0.75338,2.63,1.13
2012.12.31 15:49:21.449,0.75305,0.75338,1.13,1.13
2012.12.31 15:49:22.839,0.75305,0.75337,1.13,1.13
2012.12.31 15:49:23.008,0.75306,0.75335,1.13,1.13
2012.12.31 15:49:23.405,0.75306,0.75335,1.13,1.13
2012.12.31 15:49:23.587,0.75306,0.75339,1.13,1.13
2012.12.31 15:49:26.867,0.75306,0.75346,1.13,1.13
2012.12.31 15:49:27.127,0.75312,0.75349,1.13,1.13
2012.12.31 15:49:27.307,0.75309,0.75348,2.48,1.35
2012.12.31 15:49:28.168,0.75308,0.75348,1.73,1.35
2012.12.31 15:49:31.609,0.75307,0.75343,2.48,1.13
2012.12.31 15:49:31.947,0.75307,0.75348,2.48,1.13
2012.12.31 15:49:32.198,0.75306,0.75348,2.31,1.13
2012.12.31 15:49:32.324,0.7531,0.75348,1.63,1.13
2012.12.31 15:49:32.387,0.7531,0.75348,1.63,1.13
2012.12.31 15:49:37.487,0.7531,0.75348,1.78,1.13
2012.12.31 15:49:39.237,0.7531,0.75348,1.78,1.13
2012.12.31 15:49:40.630,0.7531,0.75346,1.78,1.13
2012.12.31 15:49:40.687,0.7531,0.75346,1.13,1.13
2012.12.31 15:49:40.927,0.7531,0.75348,1.13,1.13
2012.12.31 15:49:41.127,0.7531,0.75348,1.13,1.13
2012.12.31 15:49:41.247,0.75309,0.75345,1.13,1.13
2012.12.31 15:49:41.668,0.75309,0.75349,1.13,1.35
2012.12.31 15:49:42.038,0.75309,0.75349,1.76,1.13
2012.12.31 15:49:49.797,0.75309,0.75349,1.76,1.13
2012.12.31 15:49:53.759,0.75309,0.75349,1.76,1.13
2012.12.31 15:50:09.487,0.7531,0.75345,1.13,1.13
2012.12.31 15:50:13.770,0.7531,0.75344,1.13,1.13
2012.12.31 15:50:23.217,0.7531,0.75344,1.13,1.13
2012.12.31 15:50:24.488,0.75307,0.75344,1.13,1.13
2012.12.31 15:50:24.827,0.75307,0.75338,1.13,1.13
2012.12.31 15:50:27.099,0.75307,0.7534,1.13,1.13
2012.12.31 15:50:28.448,0.75307,0.75344,1.13,1.13
2012.12.31 15:50:28.507,0.75307,0.75344,1.13,1.13
2012.12.31 15:50:30.721,0.75308,0.75344,1.13,1.13
2012.12.31 15:50:32.197,0.75315,0.75349,1.13,1.13
2012.12.31 15:50:32.257,0.75316,0.7535,1.13,1.13
2012.12.31 15:50:32.409,0.75316,0.75354,1.13,2.10
2012.12.31 15:50:32.467,0.75316,0.75354,1.13,2.10
2012.12.31 15:50:32.857,0.75319,0.7535,1.13,1.13
2012.12.31 15:50:33.067,0.75316,0.7535,1.28,1.13
2012.12.31 15:50:34.113,0.75319,0.75354,1.13,1.35
2012.12.31 15:50:34.417,0.7532,0.75358,1.13,1.13
2012.12.31 15:50:34.561,0.75326,0.75359,1.05,2.10
2012.12.31 15:50:37.037,0.75326,0.7536,1.13,1.13
2012.12.31 15:50:38.128,0.75328,0.75368,1.13,1.50
2012.12.31 15:50:38.307,0.75341,0.7537,1.05,1.35
2012.12.31 15:50:38.427,0.75345,0.75373,1.13,1.13
2012.12.31 15:50:38.487,0.75344,0.75373,1.13,1.13
2012.12.31 15:50:38.547,0.75344,0.75374,1.13,1.13
2012.12.31 15:50:38.728,0.75346,0.75382,1.73,1.13
2012.12.31 15:50:40.088,0.75346,0.75388,1.73,1.13
2012.12.31 15:50:40.267,0.75347,0.75388,2.10,1.13
2012.12.31 15:50:40.387,0.75349,0.75388,1.20,1.13
2012.12.31 15:50:43.778,0.75349,0.75388,1.95,1.13
2012.12.31 15:50:46.167,0.75352,0.75393,1.54,1.13
2012.12.31 15:50:46.408,0.75361,0.75399,1.46,1.35
2012.12.31 15:50:46.497,0.75359,0.75399,1.13,1.35
2012.12.31 15:50:46.617,0.75356,0.75395,2.63,1.35
2012.12.31 15:50:46.797,0.75361,0.75395,1.36,1.13
2012.12.31 15:50:46.866,0.75356,0.75395,2.63,1.13
2012.12.31 15:50:48.567,0.75356,0.75389,1.13,1.13
2012.12.31 15:50:48.967,0.75353,0.75388,1.86,1.13
2012.12.31 15:50:49.087,0.75352,0.75388,1.73,1.13
2012.12.31 15:50:49.693,0.75352,0.75388,1.73,1.13
2012.12.31 15:50:51.407,0.75351,0.75383,2.85,1.13
2012.12.31 15:50:51.587,0.75343,0.75375,1.13,1.13
2012.12.31 15:50:52.117,0.75339,0.75374,1.73,1.13
2012.12.31 15:50:52.833,0.75341,0.75382,2.29,1.58
2012.12.31 15:50:52.897,0.7535,0.75385,2.44,1.50
2012.12.31 15:50:52.975,0.75351,0.75387,1.36,2.40
2012.12.31 15:50:53.268,0.75351,0.75387,1.36,1.50
2012.12.31 15:50:53.741,0.75353,0.75389,2.34,1.13
2012.12.31 15:50:54.244,0.75353,0.75389,2.34,1.13
2012.12.31 15:50:54.308,0.75353,0.75389,1.73,1.13
2012.12.31 15:50:54.547,0.75353,0.75384,1.95,1.13
2012.12.31 15:51:01.659,0.75353,0.7539,1.20,1.13
2012.12.31 15:51:01.837,0.75352,0.75391,1.73,1.13
2012.12.31 15:51:02.038,0.75352,0.75391,1.73,1.13
2012.12.31 15:51:02.277,0.75354,0.75389,1.73,1.13
2012.12.31 15:51:03.157,0.75354,0.75391,1.73,1.13
2012.12.31 15:51:03.427,0.75356,0.7539,1.59,1.13
2012.12.31 15:51:03.489,0.75356,0.7539,1.28,1.13
2012.12.31 15:51:04.051,0.75355,0.75391,1.88,1.13
2012.12.31 15:51:06.587,0.75355,0.7539,1.13,1.13
2012.12.31 15:51:07.150,0.75355,0.7539,1.13,1.13
2012.12.31 15:51:07.688,0.75355,0.75392,1.71,1.13
2012.12.31 15:51:08.293,0.75361,0.75391,1.35,1.13
2012.12.31 15:51:09.168,0.7536,0.75398,1.50,1.13
2012.12.31 15:51:09.347,0.75363,0.75398,1.13,1.13
2012.12.31 15:51:09.880,0.75363,0.75398,1.13,1.13
2012.12.31 15:51:10.067,0.7537,0.75405,1.13,1.13
2012.12.31 15:51:10.128,0.75372,0.75405,1.28,1.13
2012.12.31 15:51:10.487,0.75373,0.75405,1.13,1.13
2012.12.31 15:51:11.128,0.75372,0.75405,1.13,1.13
2012.12.31 15:51:11.679,0.75369,0.75405,1.34,1.13
2012.12.31 15:51:11.778,0.75368,0.75405,1.32,1.13
2012.12.31 15:51:11.959,0.75371,0.75406,1.13,1.13
2012.12.31 15:51:12.137,0.75371,0.75406,1.13,1.13
2012.12.31 15:51:12.224,0.75371,0.75406,1.13,1.13
2012.12.31 15:51:13.117,0.7537,0.75408,1.18,1.13
2012.12.31 15:51:13.237,0.75366,0.75404,1.92,1.13
2012.12.31 15:51:13.447,0.75365,0.75402,1.73,1.35
2012.12.31 15:51:13.507,0.75364,0.75399,1.13,1.13
2012.12.31 15:51:13.747,0.75361,0.75397,1.73,1.13
2012.12.31 15:51:13.903,0.75357,0.75396,3.60,1.13
2012.12.31 15:51:14.087,0.75357,0.75396,2.85,1.13
2012.12.31 15:51:14.488,0.75356,0.75393,1.41,1.13
2012.12.31 15:51:14.548,0.75354,0.75393,1.13,1.13
2012.12.31 15:51:14.669,0.75353,0.75393,2.84,1.13
2012.12.31 15:51:14.988,0.75353,0.75393,2.09,1.13
2012.12.31 15:51:15.047,0.75353,0.75393,1.73,1.13
2012.12.31 15:51:15.288,0.75353,0.75393,1.73,1.35
2012.12.31 15:51:16.218,0.75352,0.75389,1.73,1.35
2012.12.31 15:51:16.479,0.75352,0.75392,1.73,1.13
2012.12.31 15:51:16.907,0.75352,0.75394,1.73,1.13
2012.12.31 15:51:17.168,0.75352,0.75393,1.73,1.13
2012.12.31 15:51:17.288,0.75352,0.75393,1.13,1.35
2012.12.31 15:51:17.778,0.75352,0.7539,1.73,1.35
2012.12.31 15:51:17.899,0.75352,0.7539,1.88,1.13
2012.12.31 15:51:18.354,0.75357,0.75391,1.13,1.13
2012.12.31 15:51:19.204,0.75356,0.75391,1.13,1.13
2012.12.31 15:51:19.399,0.75355,0.75391,1.13,1.13
2012.12.31 15:51:19.937,0.75352,0.75389,1.13,1.35
2012.12.31 15:51:20.737,0.75351,0.75389,1.73,1.50
2012.12.31 15:51:21.248,0.75354,0.75394,1.73,1.69
2012.12.31 15:51:21.607,0.75354,0.75394,1.73,1.69
2012.12.31 15:51:21.967,0.75351,0.75388,2.48,1.13
2012.12.31 15:51:22.288,0.7535,0.75387,1.73,1.13
2012.12.31 15:51:22.614,0.75349,0.75378,1.73,1.13
2012.12.31 15:51:22.919,0.7534,0.75373,1.42,1.13
2012.12.31 15:51:23.098,0.75341,0.75379,1.61,1.13
2012.12.31 15:51:23.467,0.75336,0.75374,4.37,1.13
2012.12.31 15:51:24.397,0.75335,0.75371,1.13,1.13
2012.12.31 15:51:25.558,0.75335,0.75372,1.13,1.13
2012.12.31 15:51:25.814,0.75335,0.75373,1.13,1.13
2012.12.31 15:51:26.343,0.75341,0.75375,1.35,1.13
2012.12.31 15:51:26.528,0.75339,0.75375,1.13,1.13
2012.12.31 15:51:27.387,0.75339,0.75373,1.13,1.13
2012.12.31 15:51:28.187,0.75339,0.75373,1.13,1.13
2012.12.31 15:51:30.468,0.75339,0.75378,1.13,1.13
2012.12.31 15:51:31.287,0.75339,0.75378,1.13,1.13
2012.12.31 15:51:32.108,0.75339,0.75378,1.13,1.13
2012.12.31 15:51:32.168,0.75339,0.75376,1.13,1.13
2012.12.31 15:51:32.313,0.75339,0.75375,1.13,1.13
2012.12.31 15:51:32.897,0.75339,0.75379,1.13,1.35
2012.12.31 15:51:33.494,0.75339,0.75375,1.13,1.13
2012.12.31 15:51:40.999,0.75337,0.75374,1.13,1.13
2012.12.31 15:51:41.318,0.75333,0.75371,2.91,1.13
2012.12.31 15:51:41.437,0.75332,0.75371,1.28,1.13
2012.12.31 15:51:42.519,0.75331,0.75369,1.13,1.13
2012.12.31 15:51:43.322,0.75331,0.75369,1.13,1.13
2012.12.31 15:51:46.367,0.75331,0.75369,1.13,1.13
2012.12.31 15:51:50.308,0.75331,0.75369,1.13,1.13
2012.12.31 15:51:50.929,0.75331,0.75368,1.13,1.13
2012.12.31 15:51:51.405,0.75331,0.75368,1.60,1.13
2012.12.31 15:51:51.949,0.75331,0.75368,1.13,1.13
2012.12.31 15:51:53.029,0.75331,0.75368,1.13,1.13
2012.12.31 15:52:00.349,0.75331,0.75368,1.50,1.13
2012.12.31 15:52:00.978,0.75331,0.75365,1.50,1.13
2012.12.31 15:52:01.708,0.75332,0.75363,1.13,1.13
2012.12.31 15:52:01.857,0.7533,0.75363,1.35,1.13
2012.12.31 15:52:02.387,0.75328,0.75363,1.54,1.13
2012.12.31 15:52:09.579,0.75328,0.75364,2.29,1.13
2012.12.31 15:52:10.089,0.75328,0.75363,2.29,1.13
2012.12.31 15:52:10.635,0.75328,0.75363,1.54,1.13
2012.12.31 15:52:11.918,0.75328,0.75363,1.54,1.13
2012.12.31 15:52:12.060,0.75327,0.75362,1.92,1.13
2012.12.31 15:52:12.417,0.75326,0.75361,1.69,1.13
2012.12.31 15:52:17.988,0.75326,0.7536,1.13,1.13
2012.12.31 15:52:18.050,0.75326,0.75359,1.13,1.13
2012.12.31 15:52:18.357,0.75322,0.75354,1.13,1.13
2012.12.31 15:52:20.498,0.75317,0.75353,1.47,1.13
2012.12.31 15:52:22.387,0.75317,0.75355,1.47,1.13
2012.12.31 15:52:22.461,0.75319,0.75355,1.25,1.13
2012.12.31 15:52:26.908,0.75319,0.75355,1.25,1.13
2012.12.31 15:52:27.595,0.75319,0.75354,1.25,1.13
2012.12.31 15:52:33.848,0.75319,0.75353,1.29,1.13
2012.12.31 15:52:33.966,0.75318,0.75353,1.32,1.13
2012.12.31 15:52:34.594,0.75318,0.75353,1.32,1.13
2012.12.31 15:52:34.789,0.75321,0.75354,1.35,1.13
2012.12.31 15:52:34.846,0.7532,0.75354,1.60,1.13
2012.12.31 15:52:34.906,0.7532,0.75354,1.60,1.13
2012.12.31 15:52:34.967,0.7532,0.75354,1.13,1.13
2012.12.31 15:52:35.567,0.75321,0.75354,1.35,1.13
2012.12.31 15:52:36.547,0.75318,0.75353,1.32,1.13
2012.12.31 15:52:36.781,0.75311,0.75353,1.50,1.35
2012.12.31 15:52:37.105,0.75301,0.75342,1.13,1.35
2012.12.31 15:52:39.795,0.75301,0.75342,1.13,1.35
2012.12.31 15:52:40.756,0.75301,0.75341,1.88,1.35
2012.12.31 15:52:43.307,0.75301,0.75341,1.88,1.13
2012.12.31 15:52:44.216,0.75301,0.75341,1.13,1.69
2012.12.31 15:52:44.336,0.75291,0.75333,1.86,1.35
2012.12.31 15:52:44.456,0.75299,0.75333,2.40,1.35
2012.12.31 15:52:44.901,0.75292,0.75329,1.88,1.13
2012.12.31 15:52:45.027,0.75291,0.75329,2.63,1.13
2012.12.31 15:52:45.148,0.75288,0.75329,2.97,1.13
2012.12.31 15:52:45.385,0.75291,0.75329,1.13,1.13
2012.12.31 15:52:45.899,0.75294,0.7533,1.54,1.13
2012.12.31 15:52:46.027,0.75294,0.7533,1.54,1.13
2012.12.31 15:52:46.456,0.75291,0.75329,1.49,1.13
2012.12.31 15:52:46.516,0.75291,0.75329,1.13,1.13
2012.12.31 15:52:47.342,0.75289,0.75329,1.41,1.13
2012.12.31 15:52:47.776,0.75289,0.75329,1.41,1.13
2012.12.31 15:52:48.447,0.75289,0.75329,2.91,1.13
2012.12.31 15:52:48.976,0.75287,0.75329,2.48,1.13
2012.12.31 15:52:49.306,0.75286,0.75329,1.47,1.13
2012.12.31 15:52:49.586,0.75286,0.75329,1.47,1.13
2012.12.31 15:52:49.966,0.75286,0.75326,1.47,1.13
2012.12.31 15:52:50.026,0.75283,0.75326,1.58,1.13
2012.12.31 15:52:52.176,0.75283,0.75326,1.35,1.35
2012.12.31 15:52:52.399,0.75286,0.75328,1.63,1.13
2012.12.31 15:52:52.577,0.75286,0.75328,1.63,1.13
2012.12.31 15:52:52.636,0.75285,0.75325,1.43,1.13
2012.12.31 15:52:53.025,0.75285,0.75328,1.43,1.35
2012.12.31 15:52:53.547,0.75285,0.75328,3.30,1.35
2012.12.31 15:52:53.666,0.75285,0.75328,2.85,1.35
2012.12.31 15:52:53.771,0.75286,0.75328,1.36,1.13
2012.12.31 15:52:55.049,0.75286,0.75328,1.36,1.13
2012.12.31 15:52:55.613,0.75291,0.7533,1.38,1.13
2012.12.31 15:52:58.628,0.75298,0.75338,1.35,1.92
2012.12.31 15:52:59.180,0.75299,0.75338,1.35,1.32
2012.12.31 15:53:02.098,0.75296,0.75338,1.50,1.54
2012.12.31 15:53:02.250,0.753,0.75338,1.35,1.32
2012.12.31 15:53:02.615,0.75299,0.75338,1.35,1.54
2012.12.31 15:53:02.937,0.753,0.75338,1.35,1.54
2012.12.31 15:53:03.266,0.75297,0.75338,1.35,1.54
2012.12.31 15:53:03.646,0.75296,0.75338,1.50,1.92
2012.12.31 15:53:04.087,0.753,0.75338,1.35,1.32
2012.12.31 15:53:04.343,0.753,0.75338,1.35,1.54
2012.12.31 15:53:13.232,0.75301,0.7534,1.13,1.50
2012.12.31 15:53:13.295,0.75301,0.7534,1.13,1.50
2012.12.31 15:53:13.403,0.75301,0.7534,1.13,1.50
2012.12.31 15:53:13.717,0.75298,0.7534,1.35,1.73
2012.12.31 15:53:22.926,0.75296,0.75338,1.50,1.35
2012.12.31 15:53:23.919,0.75295,0.75335,1.35,1.13
2012.12.31 15:53:24.426,0.75295,0.75335,1.35,1.13
2012.12.31 15:53:24.997,0.75295,0.75335,1.35,1.13
2012.12.31 15:53:29.627,0.75297,0.75339,1.35,1.92
2012.12.31 15:53:30.415,0.75297,0.7534,1.28,1.69
2012.12.31 15:53:30.789,0.75297,0.75339,2.10,1.35
2012.12.31 15:53:31.277,0.75297,0.75339,1.35,1.35
2012.12.31 15:53:31.396,0.75297,0.75339,1.13,1.35
2012.12.31 15:53:39.968,0.75292,0.75332,1.13,1.35
2012.12.31 15:53:40.358,0.75292,0.75327,1.88,1.13
2012.12.31 15:53:40.417,0.75292,0.75329,1.88,1.13
2012.12.31 15:53:40.476,0.75292,0.75329,1.88,1.13
2012.12.31 15:53:45.957,0.75291,0.75331,1.13,1.13
2012.12.31 15:53:46.326,0.75288,0.7533,1.50,1.50
2012.12.31 15:53:46.872,0.75291,0.75329,1.35,1.13
2012.12.31 15:54:01.657,0.75292,0.75331,1.13,1.13
2012.12.31 15:54:01.963,0.75293,0.75334,1.50,1.35
2012.12.31 15:54:02.380,0.75291,0.75334,2.08,1.35
2012.12.31 15:54:02.496,0.75291,0.75332,1.65,1.32
2012.12.31 15:54:03.056,0.75291,0.75329,1.35,1.32
2012.12.31 15:54:03.115,0.75291,0.75329,1.35,1.32
2012.12.31 15:54:03.478,0.75292,0.75329,1.50,1.32
2012.12.31 15:54:04.216,0.75295,0.75333,1.35,1.54
2012.12.31 15:54:04.277,0.75296,0.75334,1.35,1.58
2012.12.31 15:54:07.527,0.75294,0.75329,1.13,1.13
2012.12.31 15:54:07.646,0.7529,0.7533,2.48,1.35
2012.12.31 15:54:07.997,0.75289,0.75328,1.88,1.35
2012.12.31 15:54:08.116,0.75293,0.7533,1.13,1.35
2012.12.31 15:54:08.758,0.75295,0.75334,1.13,1.58
2012.12.31 15:54:08.828,0.75294,0.75334,1.13,1.58
2012.12.31 15:54:09.167,0.75294,0.75333,1.54,1.13
2012.12.31 15:54:09.286,0.75292,0.75332,1.88,1.13
2012.12.31 15:54:10.995,0.75297,0.75332,1.54,1.13
2012.12.31 15:54:14.096,0.75297,0.75332,1.54,1.13
2012.12.31 15:54:14.873,0.75301,0.75336,1.13,1.13
2012.12.31 15:54:15.526,0.75297,0.75333,1.09,1.13
2012.12.31 15:54:15.645,0.75297,0.75333,1.09,1.13
2012.12.31 15:54:15.936,0.75296,0.7533,1.54,1.13
2012.12.31 15:54:18.586,0.75292,0.75331,2.25,1.13
2012.12.31 15:54:19.252,0.75291,0.75343,1.50,1.35
2012.12.31 15:54:19.765,0.75288,0.75335,1.28,1.17
2012.12.31 15:54:19.826,0.75289,0.75335,1.17,1.17
2012.12.31 15:54:19.956,0.75288,0.75335,3.12,1.17
2012.12.31 15:54:20.117,0.7529,0.75335,1.17,1.17
2012.12.31 15:54:24.128,0.75288,0.75334,1.20,1.17
2012.12.31 15:54:33.150,0.75284,0.75331,1.17,1.17
2012.12.31 15:54:33.646,0.75289,0.75334,1.17,1.20
2012.12.31 15:54:34.008,0.75303,0.75352,1.38,1.32
2012.12.31 15:54:34.352,0.75292,0.75342,1.64,1.17
2012.12.31 15:54:34.507,0.75295,0.75339,2.10,1.17
2012.12.31 15:54:34.686,0.75296,0.75339,1.73,1.17
2012.12.31 15:54:34.806,0.75298,0.7534,1.17,1.20
2012.12.31 15:54:34.866,0.75298,0.7534,1.17,1.20
2012.12.31 15:54:35.172,0.753,0.75353,1.73,1.35
2012.12.31 15:54:35.356,0.75292,0.75353,1.48,1.35
2012.12.31 15:54:36.478,0.75292,0.75353,1.48,1.35
2012.12.31 15:54:38.246,0.75292,0.75353,1.48,1.35
2012.12.31 15:54:38.767,0.75297,0.75353,1.26,1.74
2012.12.31 15:54:39.128,0.75295,0.75342,1.17,1.17
2012.12.31 15:54:40.129,0.75301,0.75349,1.17,1.02
2012.12.31 15:54:40.436,0.75303,0.75353,3.23,1.20
2012.12.31 15:54:40.556,0.75306,0.75354,2.29,1.32
2012.12.31 15:54:40.816,0.75305,0.75354,2.29,1.32
2012.12.31 15:54:41.036,0.75307,0.75354,1.17,1.17
2012.12.31 15:54:41.647,0.75305,0.75357,1.73,1.20
2012.12.31 15:54:41.707,0.75298,0.75357,1.46,1.20
2012.12.31 15:54:42.156,0.75298,0.75356,1.46,1.14
2012.12.31 15:54:43.516,0.75304,0.75357,1.73,1.20
2012.12.31 15:54:44.016,0.75307,0.75357,1.73,1.20
2012.12.31 15:54:44.796,0.75307,0.75357,1.73,1.20
2012.12.31 15:54:46.256,0.75307,0.75357,2.44,1.17
2012.12.31 15:54:46.315,0.75312,0.75357,1.73,1.17
2012.12.31 15:54:47.586,0.75311,0.75357,1.88,1.17
2012.12.31 15:54:48.714,0.75313,0.75357,1.73,1.17
2012.12.31 15:54:48.896,0.75313,0.75358,1.73,1.54
2012.12.31 15:54:49.615,0.75315,0.7536,1.17,1.77
2012.12.31 15:54:49.686,0.75311,0.75358,1.11,1.54
2012.12.31 15:54:49.996,0.75316,0.75356,1.73,1.17
2012.12.31 15:54:50.547,0.75314,0.75356,1.88,1.17
2012.12.31 15:54:50.846,0.75316,0.75356,1.73,1.17
2012.12.31 15:54:51.283,0.75316,0.7536,1.73,1.17
2012.12.31 15:54:51.406,0.75316,0.75359,1.73,1.17
2012.12.31 15:54:51.921,0.75317,0.75357,1.50,1.17
2012.12.31 15:54:52.064,0.75317,0.75361,1.73,1.17
2012.12.31 15:54:52.586,0.75316,0.75359,1.73,1.17
2012.12.31 15:54:53.237,0.75316,0.75359,1.73,1.17
2012.12.31 15:54:53.936,0.75317,0.75362,1.73,1.17
2012.12.31 15:54:57.756,0.75318,0.75362,1.50,1.17
2012.12.31 15:54:58.327,0.75319,0.75359,1.88,1.50
2012.12.31 15:54:58.386,0.75319,0.75359,2.10,1.50
2012.12.31 15:54:58.446,0.75319,0.75367,2.10,1.17
2012.12.31 15:54:58.565,0.75312,0.7537,1.23,1.20
2012.12.31 15:54:58.836,0.75314,0.7537,1.01,1.20
2012.12.31 15:54:59.116,0.75317,0.75362,1.17,1.17
2012.12.31 15:54:59.176,0.75318,0.75362,1.73,1.17
2012.12.31 15:54:59.716,0.75318,0.75362,1.50,1.17
2012.12.31 15:55:00.258,0.75317,0.75362,2.29,1.17
2012.12.31 15:55:00.408,0.75317,0.75362,2.29,1.17
2012.12.31 15:55:01.476,0.75311,0.7537,1.69,1.35
2012.12.31 15:55:01.536,0.75313,0.7537,1.27,1.35
2012.12.31 15:55:01.596,0.75313,0.7537,1.27,1.35
2012.12.31 15:55:02.428,0.75318,0.7537,1.73,1.20
2012.12.31 15:55:02.952,0.75317,0.7537,1.73,1.20
2012.12.31 15:55:03.508,0.7531,0.7537,1.05,1.20
2012.12.31 15:55:03.986,0.75314,0.7537,1.36,1.20
2012.12.31 15:55:04.892,0.75314,0.7537,1.74,1.20
2012.12.31 15:55:04.994,0.75318,0.7537,2.10,1.20
2012.12.31 15:55:05.056,0.75315,0.75363,1.50,1.17
