2014.05.16 12:00:02.097,0.76925,0.76949,1.00,2.25
2014.05.16 12:00:02.629,0.76925,0.76948,1.00,1.00
2014.05.16 12:00:04.936,0.76925,0.76949,1.00,2.25
2014.05.16 12:00:05.980,0.76926,0.76949,1.50,1.50
2014.05.16 12:00:06.591,0.76927,0.76949,1.50,1.00
2014.05.16 12:00:08.620,0.76927,0.76944,1.00,1.00
2014.05.16 12:00:08.824,0.76924,0.76944,1.00,1.00
2014.05.16 12:00:08.953,0.76922,0.76943,1.00,1.00
2014.05.16 12:00:09.561,0.76921,0.76944,3.00,1.00
2014.05.16 12:00:10.222,0.76922,0.76944,1.00,1.00
2014.05.16 12:00:10.396,0.7692,0.76944,1.50,1.50
2014.05.16 12:00:10.840,0.76917,0.76943,1.00,1.00
2014.05.16 12:00:11.285,0.76917,0.76938,1.00,1.00
2014.05.16 12:00:11.794,0.76916,0.76938,1.50,1.00
2014.05.16 12:00:12.729,0.76916,0.7694,2.25,1.00
2014.05.16 12:00:12.780,0.76917,0.76943,1.00,1.00
2014.05.16 12:00:15.220,0.76916,0.7694,1.00,1.00
2014.05.16 12:00:15.575,0.76913,0.76929,1.00,1.00
2014.05.16 12:00:15.735,0.76903,0.76929,1.50,1.50
2014.05.16 12:00:16.967,0.76904,0.76929,1.00,1.50
2014.05.16 12:00:17.202,0.76907,0.76929,1.00,1.00
2014.05.16 12:00:17.403,0.76905,0.76929,3.00,1.00
2014.05.16 12:00:17.504,0.76907,0.76929,1.00,1.00
2014.05.16 12:00:18.108,0.76907,0.76933,2.25,1.50
2014.05.16 12:00:18.446,0.76907,0.76928,1.50,1.00
2014.05.16 12:00:18.779,0.7691,0.76928,1.00,1.00
2014.05.16 12:00:18.980,0.76906,0.76928,1.00,1.00
2014.05.16 12:00:20.175,0.76904,0.76928,1.00,1.00
2014.05.16 12:00:20.355,0.76907,0.76929,1.00,1.50
2014.05.16 12:00:20.709,0.76907,0.76926,1.00,1.00
2014.05.16 12:00:21.792,0.76907,0.76929,1.00,1.00
2014.05.16 12:00:22.010,0.76907,0.76931,1.50,1.00
2014.05.16 12:00:22.161,0.76908,0.76933,1.00,1.50
2014.05.16 12:00:23.729,0.76911,0.76933,1.00,1.00
2014.05.16 12:00:23.980,0.76908,0.76933,1.00,1.00
2014.05.16 12:00:24.081,0.76911,0.76934,1.00,1.00
2014.05.16 12:00:25.884,0.76911,0.76937,1.50,1.00
2014.05.16 12:00:25.968,0.76914,0.76938,1.00,1.00
2014.05.16 12:00:26.515,0.76912,0.76936,1.00,1.00
2014.05.16 12:00:29.506,0.76917,0.76941,1.50,1.00
2014.05.16 12:00:29.607,0.76914,0.76939,1.50,1.50
2014.05.16 12:00:30.074,0.76912,0.76938,1.00,1.00
2014.05.16 12:00:33.555,0.76913,0.76939,1.00,1.50
2014.05.16 12:00:33.656,0.76917,0.76939,1.00,1.00
2014.05.16 12:00:34.314,0.76917,0.7694,1.00,1.00
2014.05.16 12:00:36.330,0.76921,0.76942,1.00,1.00
2014.05.16 12:00:36.431,0.76921,0.76945,1.50,1.00
2014.05.16 12:00:36.995,0.76921,0.76946,1.50,1.00
2014.05.16 12:00:37.185,0.76921,0.76943,1.50,1.00
2014.05.16 12:00:39.275,0.76921,0.76945,1.00,1.00
2014.05.16 12:00:40.384,0.76922,0.76945,1.00,1.00
2014.05.16 12:00:42.904,0.76927,0.76945,1.00,1.00
2014.05.16 12:00:42.954,0.76927,0.76951,1.00,1.00
2014.05.16 12:00:43.226,0.76927,0.76949,1.00,1.00
2014.05.16 12:00:43.595,0.76927,0.76947,1.00,1.00
2014.05.16 12:00:44.225,0.76927,0.76946,1.00,1.00
2014.05.16 12:00:45.884,0.76927,0.76949,1.00,1.00
2014.05.16 12:00:48.306,0.76927,0.7695,1.00,1.00
2014.05.16 12:00:48.876,0.76927,0.76951,1.00,1.00
2014.05.16 12:00:49.824,0.76932,0.76951,1.00,1.00
2014.05.16 12:00:50.720,0.76932,0.76948,1.00,1.00
2014.05.16 12:00:50.871,0.76931,0.76951,1.00,1.00
2014.05.16 12:00:51.519,0.76931,0.76952,1.00,1.00
2014.05.16 12:00:51.838,0.76928,0.76953,1.00,1.50
2014.05.16 12:00:51.988,0.76928,0.76951,1.00,1.00
2014.05.16 12:00:55.115,0.76927,0.76951,1.50,1.50
2014.05.16 12:01:17.449,0.76927,0.7695,1.00,1.00
2014.05.16 12:01:19.116,0.76926,0.76948,1.00,1.00
2014.05.16 12:01:19.664,0.76925,0.76948,1.00,1.00
2014.05.16 12:01:20.084,0.76925,0.76944,1.00,1.00
2014.05.16 12:01:22.350,0.76925,0.76949,1.00,1.50
2014.05.16 12:01:30.355,0.76923,0.76944,1.00,1.00
2014.05.16 12:01:30.524,0.76919,0.76944,1.00,1.00
2014.05.16 12:01:30.794,0.76917,0.76938,1.50,1.00
2014.05.16 12:01:30.995,0.76917,0.76942,2.25,3.75
2014.05.16 12:01:31.196,0.76917,0.7694,1.50,1.00
2014.05.16 12:01:33.946,0.76917,0.76938,1.00,1.00
2014.05.16 12:01:34.259,0.76917,0.76936,1.00,1.00
2014.05.16 12:01:37.676,0.76912,0.76936,1.00,1.00
2014.05.16 12:01:38.015,0.76912,0.76933,1.00,1.00
2014.05.16 12:01:42.563,0.76912,0.76934,1.00,1.50
2014.05.16 12:01:42.865,0.76926,0.76941,1.00,1.00
2014.05.16 12:01:43.084,0.76932,0.76948,1.00,1.00
2014.05.16 12:01:43.185,0.76932,0.7695,1.00,1.00
2014.05.16 12:01:43.286,0.76927,0.76951,1.00,1.00
2014.05.16 12:01:43.337,0.76927,0.76954,1.00,1.00
2014.05.16 12:01:43.627,0.76929,0.76953,1.00,1.00
2014.05.16 12:01:43.943,0.76931,0.76953,1.00,1.00
2014.05.16 12:01:44.383,0.76929,0.76953,1.50,1.50
2014.05.16 12:01:44.724,0.76931,0.76953,1.00,1.00
2014.05.16 12:01:44.935,0.76931,0.76955,1.50,1.00
2014.05.16 12:01:45.276,0.76933,0.76956,1.00,1.00
2014.05.16 12:01:45.716,0.76931,0.76954,1.00,1.00
2014.05.16 12:01:46.264,0.76928,0.76952,1.00,1.00
2014.05.16 12:01:48.126,0.76928,0.76948,1.00,1.00
2014.05.16 12:01:48.237,0.76928,0.76952,1.00,1.00
2014.05.16 12:01:53.964,0.76927,0.76951,1.50,1.00
2014.05.16 12:01:56.622,0.76927,0.76949,1.00,1.00
2014.05.16 12:01:57.924,0.76924,0.76948,1.00,1.00
2014.05.16 12:01:58.082,0.76924,0.76943,1.00,1.00
2014.05.16 12:01:58.195,0.76922,0.76943,1.00,1.00
2014.05.16 12:01:58.246,0.7692,0.76943,1.00,1.00
2014.05.16 12:01:58.976,0.76919,0.76943,1.00,1.50
2014.05.16 12:02:00.675,0.76917,0.76941,1.50,1.00
2014.05.16 12:02:02.985,0.76917,0.76943,1.50,1.50
2014.05.16 12:02:03.094,0.76919,0.76943,1.00,1.50
2014.05.16 12:02:03.413,0.76921,0.76943,1.00,1.00
2014.05.16 12:02:03.533,0.76921,0.76945,1.00,1.00
2014.05.16 12:02:04.236,0.76921,0.76946,1.00,1.50
2014.05.16 12:02:05.483,0.76922,0.76946,1.00,1.50
2014.05.16 12:02:05.533,0.76926,0.76945,1.00,1.00
2014.05.16 12:02:05.844,0.76926,0.76947,1.00,1.00
2014.05.16 12:02:07.295,0.76923,0.76947,1.50,2.25
2014.05.16 12:02:10.531,0.76927,0.76947,1.00,1.50
2014.05.16 12:02:11.145,0.76927,0.76948,1.00,1.50
2014.05.16 12:02:13.917,0.76927,0.7695,1.00,2.25
2014.05.16 12:02:16.076,0.76927,0.76951,1.00,1.50
2014.05.16 12:02:20.073,0.76927,0.76952,1.00,1.00
2014.05.16 12:02:20.773,0.76928,0.76953,1.00,2.25
2014.05.16 12:02:21.723,0.76928,0.76951,1.00,1.50
2014.05.16 12:02:22.233,0.76927,0.76951,1.50,2.25
2014.05.16 12:02:24.324,0.76929,0.76953,1.00,3.00
2014.05.16 12:02:24.668,0.76932,0.76955,1.00,2.25
2014.05.16 12:02:32.302,0.76937,0.76955,1.00,1.00
2014.05.16 12:02:32.523,0.76932,0.76955,1.00,1.00
2014.05.16 12:02:32.674,0.76936,0.76955,1.00,1.00
2014.05.16 12:02:36.315,0.76936,0.76957,1.00,1.00
2014.05.16 12:02:40.473,0.76942,0.76957,1.00,1.00
2014.05.16 12:02:40.523,0.76942,0.7696,1.00,1.00
2014.05.16 12:02:43.082,0.76936,0.7696,1.00,1.00
2014.05.16 12:02:45.443,0.76936,0.76958,1.00,1.00
2014.05.16 12:02:46.383,0.76941,0.76958,1.00,1.00
2014.05.16 12:02:46.743,0.76936,0.76958,1.00,1.00
2014.05.16 12:02:47.371,0.76934,0.76958,1.00,1.50
2014.05.16 12:02:50.341,0.76936,0.76958,1.00,1.00
2014.05.16 12:02:50.577,0.76934,0.76958,1.00,1.00
2014.05.16 12:02:51.111,0.76936,0.76958,1.00,1.00
2014.05.16 12:02:54.411,0.76934,0.76958,1.00,1.50
2014.05.16 12:02:55.860,0.76936,0.76958,1.00,1.00
2014.05.16 12:02:57.841,0.76935,0.76958,1.00,1.50
2014.05.16 12:03:00.487,0.76934,0.76958,1.00,1.50
2014.05.16 12:03:01.505,0.76933,0.76957,1.00,1.00
2014.05.16 12:03:08.273,0.76932,0.76957,1.00,1.00
2014.05.16 12:03:08.621,0.76932,0.76955,1.00,1.00
2014.05.16 12:03:09.423,0.76932,0.76957,1.00,1.50
2014.05.16 12:03:10.307,0.76932,0.76952,1.00,1.00
2014.05.16 12:03:10.507,0.7693,0.76952,1.00,1.00
2014.05.16 12:03:10.585,0.76928,0.76952,1.00,1.00
2014.05.16 12:03:11.325,0.76927,0.76951,1.00,1.00
2014.05.16 12:03:12.372,0.76932,0.76951,1.00,1.00
2014.05.16 12:03:12.703,0.76927,0.76951,1.00,1.00
2014.05.16 12:03:13.582,0.76932,0.76951,1.00,1.00
2014.05.16 12:03:17.545,0.76931,0.76951,1.00,1.00
2014.05.16 12:03:17.653,0.76927,0.76951,1.50,1.00
2014.05.16 12:03:19.125,0.76927,0.76948,1.00,1.00
2014.05.16 12:03:19.527,0.76922,0.76948,1.50,1.00
2014.05.16 12:03:20.184,0.76926,0.76948,1.00,1.00
2014.05.16 12:03:20.567,0.76926,0.76946,1.00,1.00
2014.05.16 12:03:21.063,0.76922,0.76946,1.00,1.00
2014.05.16 12:03:21.886,0.76921,0.76946,1.00,1.00
2014.05.16 12:03:24.901,0.76922,0.76946,1.00,1.00
2014.05.16 12:03:25.593,0.76922,0.76945,1.00,1.00
2014.05.16 12:03:28.102,0.76926,0.76945,1.00,1.00
2014.05.16 12:03:29.673,0.76931,0.76949,1.00,2.25
2014.05.16 12:03:29.883,0.76926,0.76949,1.00,1.00
2014.05.16 12:03:29.973,0.76932,0.76949,1.00,1.00
2014.05.16 12:03:30.141,0.76932,0.76951,1.00,1.00
2014.05.16 12:03:50.230,0.76928,0.76951,1.00,1.00
2014.05.16 12:04:00.131,0.76932,0.76951,1.00,1.00
2014.05.16 12:04:05.881,0.76932,0.76948,1.00,1.00
2014.05.16 12:04:06.072,0.76926,0.76948,1.50,1.00
2014.05.16 12:04:16.623,0.76926,0.76945,1.50,1.00
2014.05.16 12:04:19.710,0.76922,0.76945,1.00,1.00
2014.05.16 12:04:22.832,0.76927,0.76945,1.00,1.00
2014.05.16 12:04:24.542,0.76927,0.76948,1.00,1.00
2014.05.16 12:04:25.931,0.76927,0.76949,1.00,1.00
2014.05.16 12:04:27.791,0.76927,0.76947,1.00,1.50
2014.05.16 12:04:27.897,0.76922,0.76945,1.00,1.00
2014.05.16 12:04:28.065,0.76922,0.76943,1.00,1.00
2014.05.16 12:04:28.571,0.76923,0.76943,1.00,1.00
2014.05.16 12:04:28.901,0.76926,0.76943,1.00,1.00
2014.05.16 12:04:30.601,0.76926,0.76946,1.00,1.00
2014.05.16 12:04:30.752,0.76926,0.76948,1.00,1.00
2014.05.16 12:04:31.744,0.76924,0.76948,1.50,1.00
2014.05.16 12:04:51.567,0.76923,0.76948,1.00,2.25
2014.05.16 12:04:51.618,0.76923,0.76944,1.00,1.00
2014.05.16 12:04:51.979,0.76922,0.76939,1.00,1.00
2014.05.16 12:04:52.603,0.76921,0.76939,1.00,1.00
2014.05.16 12:04:53.080,0.76919,0.76939,1.00,1.00
2014.05.16 12:04:58.203,0.76919,0.76941,1.00,1.00
2014.05.16 12:05:05.951,0.76918,0.76941,1.00,1.00
2014.05.16 12:05:10.871,0.76921,0.76941,1.00,1.00
2014.05.16 12:05:13.510,0.76921,0.76942,1.00,1.00
2014.05.16 12:05:13.695,0.76918,0.76942,1.50,1.00
2014.05.16 12:05:13.746,0.76916,0.76939,1.50,1.00
2014.05.16 12:05:14.352,0.76916,0.76938,1.00,1.00
2014.05.16 12:05:14.924,0.76916,0.7694,1.00,1.00
2014.05.16 12:05:15.034,0.76916,0.76937,1.00,1.00
2014.05.16 12:05:15.491,0.76916,0.76941,1.50,1.00
2014.05.16 12:05:15.592,0.76916,0.76939,1.00,1.00
2014.05.16 12:05:16.141,0.76915,0.76939,1.50,1.50
2014.05.16 12:05:16.762,0.76916,0.76939,1.00,1.00
2014.05.16 12:05:17.335,0.76916,0.7694,1.50,1.00
2014.05.16 12:05:17.492,0.76916,0.76942,1.50,1.00
2014.05.16 12:05:19.124,0.76918,0.76942,1.00,1.00
2014.05.16 12:05:19.864,0.76916,0.76942,2.25,2.25
2014.05.16 12:05:29.696,0.76915,0.76939,2.25,1.00
2014.05.16 12:05:30.305,0.76916,0.76938,1.00,1.00
2014.05.16 12:05:33.323,0.76916,0.76936,1.00,1.00
2014.05.16 12:05:39.350,0.76914,0.76936,1.00,1.00
2014.05.16 12:05:39.925,0.76916,0.76936,1.00,1.00
2014.05.16 12:05:46.063,0.76921,0.76936,1.00,1.00
2014.05.16 12:05:47.869,0.76916,0.76936,1.00,1.00
2014.05.16 12:05:48.512,0.76922,0.76936,1.00,1.00
2014.05.16 12:05:53.761,0.76922,0.76941,1.00,1.00
2014.05.16 12:05:53.980,0.76921,0.76944,1.00,1.50
2014.05.16 12:05:54.147,0.76926,0.76944,1.00,1.00
2014.05.16 12:05:54.622,0.76926,0.76946,1.00,1.00
2014.05.16 12:05:55.053,0.76926,0.76948,1.00,1.00
2014.05.16 12:05:55.154,0.76931,0.76948,1.00,1.00
2014.05.16 12:06:02.727,0.76931,0.76947,1.00,1.00
2014.05.16 12:06:03.059,0.76931,0.76944,1.00,1.00
2014.05.16 12:06:03.109,0.76931,0.76947,1.00,1.00
2014.05.16 12:06:04.793,0.76926,0.76947,1.00,1.00
2014.05.16 12:06:08.262,0.76926,0.76945,1.00,1.00
2014.05.16 12:06:12.049,0.76924,0.76945,1.50,1.00
2014.05.16 12:06:12.164,0.76927,0.76945,1.00,1.00
2014.05.16 12:06:12.485,0.76927,0.76947,2.25,1.00
2014.05.16 12:06:13.982,0.76927,0.76949,2.25,1.00
2014.05.16 12:06:14.033,0.76932,0.76949,1.00,1.00
2014.05.16 12:06:16.340,0.76927,0.76949,2.25,1.00
2014.05.16 12:06:18.370,0.76931,0.76949,1.00,1.00
2014.05.16 12:06:19.472,0.76927,0.76949,2.25,1.00
2014.05.16 12:06:19.522,0.76927,0.76946,2.25,1.00
2014.05.16 12:06:19.824,0.76927,0.76943,1.00,1.00
2014.05.16 12:06:19.940,0.76921,0.76943,1.00,1.00
2014.05.16 12:06:20.302,0.76921,0.76941,1.00,1.00
2014.05.16 12:06:20.817,0.76921,0.76938,1.00,1.00
2014.05.16 12:06:21.128,0.76917,0.76938,1.00,1.00
2014.05.16 12:06:21.340,0.76921,0.76938,1.00,1.00
2014.05.16 12:06:21.655,0.76921,0.76936,1.00,1.00
2014.05.16 12:06:21.706,0.76916,0.76936,1.00,1.00
2014.05.16 12:06:21.934,0.76914,0.76936,1.50,1.00
2014.05.16 12:06:21.999,0.76917,0.76936,1.00,1.00
2014.05.16 12:06:26.962,0.76917,0.76938,1.00,1.00
2014.05.16 12:06:42.133,0.76921,0.76938,1.00,1.00
2014.05.16 12:06:42.408,0.76921,0.7694,1.00,1.00
2014.05.16 12:06:44.109,0.76916,0.7694,3.00,1.00
2014.05.16 12:06:46.431,0.76916,0.76938,1.00,1.00
2014.05.16 12:06:49.608,0.76914,0.76938,2.25,1.00
2014.05.16 12:06:49.828,0.76917,0.76938,1.00,1.00
2014.05.16 12:06:51.162,0.76917,0.76936,1.00,1.00
2014.05.16 12:06:52.185,0.76917,0.76934,1.00,1.00
2014.05.16 12:07:10.301,0.76917,0.76936,1.00,1.00
2014.05.16 12:07:10.422,0.76922,0.76936,1.00,1.00
2014.05.16 12:07:11.830,0.76917,0.76936,1.00,1.00
2014.05.16 12:07:14.471,0.76921,0.76936,1.00,1.00
2014.05.16 12:07:14.596,0.76922,0.76938,1.00,3.00
2014.05.16 12:07:14.747,0.76922,0.7694,1.00,2.25
2014.05.16 12:07:14.848,0.76916,0.76939,1.00,1.00
2014.05.16 12:07:15.033,0.76922,0.76939,1.00,1.00
2014.05.16 12:07:15.365,0.76922,0.76943,1.00,1.00
2014.05.16 12:07:15.467,0.76926,0.76945,1.00,1.00
2014.05.16 12:07:15.583,0.76922,0.76945,1.00,1.00
2014.05.16 12:07:16.139,0.76922,0.76944,1.00,1.00
2014.05.16 12:07:16.352,0.76922,0.76941,1.00,1.00
2014.05.16 12:07:16.875,0.76922,0.7694,1.00,1.00
2014.05.16 12:07:17.889,0.76919,0.7694,1.50,1.00
2014.05.16 12:07:17.990,0.76917,0.7694,1.00,1.00
2014.05.16 12:07:18.268,0.76917,0.76938,1.00,1.00
2014.05.16 12:07:19.434,0.76917,0.7694,1.00,1.00
2014.05.16 12:07:22.293,0.76917,0.76938,1.00,1.00
2014.05.16 12:07:24.161,0.76917,0.7694,1.00,1.00
2014.05.16 12:07:27.351,0.76917,0.76939,1.00,1.00
2014.05.16 12:07:29.151,0.76917,0.76938,1.00,1.00
2014.05.16 12:07:30.652,0.76917,0.76939,1.00,1.00
2014.05.16 12:07:30.703,0.76921,0.76939,1.00,1.00
2014.05.16 12:07:31.149,0.76917,0.76939,1.00,1.00
2014.05.16 12:07:31.974,0.76917,0.76937,1.00,1.00
2014.05.16 12:07:32.308,0.76917,0.76934,1.00,1.00
2014.05.16 12:07:48.807,0.76912,0.76934,1.00,1.00
2014.05.16 12:07:49.578,0.76916,0.76934,1.00,1.00
2014.05.16 12:07:52.139,0.76911,0.76934,1.00,1.00
2014.05.16 12:07:52.783,0.76912,0.76936,1.00,1.00
2014.05.16 12:07:54.306,0.76916,0.76936,1.00,1.00
2014.05.16 12:08:00.288,0.76916,0.76939,1.00,1.00
2014.05.16 12:08:04.201,0.76916,0.76937,1.00,1.00
2014.05.16 12:08:05.023,0.76916,0.76938,1.00,1.00
2014.05.16 12:08:09.816,0.76921,0.76938,1.00,1.00
2014.05.16 12:08:21.067,0.76916,0.76938,1.00,1.00
2014.05.16 12:08:33.059,0.76921,0.76938,1.00,1.00
2014.05.16 12:08:41.305,0.76916,0.76938,1.00,1.00
2014.05.16 12:08:42.426,0.76922,0.76938,1.00,1.00
2014.05.16 12:08:42.486,0.76922,0.76942,1.00,1.50
2014.05.16 12:08:43.036,0.76922,0.76943,1.00,1.00
2014.05.16 12:08:47.874,0.76922,0.76941,1.00,1.00
2014.05.16 12:08:48.861,0.76922,0.76943,1.00,1.00
2014.05.16 12:08:49.636,0.76921,0.76943,1.00,1.00
2014.05.16 12:08:55.023,0.76921,0.76941,1.00,1.00
2014.05.16 12:09:05.659,0.76926,0.76941,1.00,1.00
2014.05.16 12:09:05.710,0.76926,0.76943,1.00,1.00
2014.05.16 12:09:05.810,0.76921,0.76944,1.00,1.00
2014.05.16 12:09:05.912,0.76922,0.76948,1.00,1.00
2014.05.16 12:09:06.280,0.76921,0.76945,1.00,1.00
2014.05.16 12:09:08.221,0.76921,0.76941,1.00,1.00
2014.05.16 12:09:08.322,0.76919,0.76941,1.00,1.00
2014.05.16 12:09:08.473,0.76919,0.76939,1.00,1.00
2014.05.16 12:09:08.788,0.76922,0.76939,1.00,1.00
2014.05.16 12:09:09.316,0.76917,0.76939,1.00,1.00
2014.05.16 12:09:09.467,0.76917,0.76936,1.00,1.00
2014.05.16 12:09:19.815,0.76917,0.76935,1.00,1.00
2014.05.16 12:09:20.016,0.76917,0.76938,1.00,1.00
2014.05.16 12:09:27.179,0.76917,0.76937,1.00,1.00
2014.05.16 12:09:34.416,0.76917,0.76936,1.00,1.00
2014.05.16 12:09:56.220,0.76911,0.76936,1.00,1.00
2014.05.16 12:09:57.674,0.76917,0.76936,1.00,1.00
2014.05.16 12:09:58.767,0.76912,0.76936,1.00,1.00
2014.05.16 12:09:58.868,0.76912,0.76933,1.00,1.00
2014.05.16 12:10:02.389,0.76912,0.76928,1.00,1.00
2014.05.16 12:10:20.582,0.76916,0.76928,1.00,1.00
2014.05.16 12:10:20.633,0.76916,0.76931,1.00,1.00
2014.05.16 12:10:20.684,0.76911,0.76931,1.00,1.00
2014.05.16 12:10:21.160,0.76911,0.76936,1.00,1.00
2014.05.16 12:10:22.745,0.76917,0.76936,1.00,1.00
2014.05.16 12:10:26.110,0.76917,0.76933,1.00,1.00
2014.05.16 12:10:30.115,0.76911,0.76933,1.00,1.00
2014.05.16 12:10:30.977,0.76911,0.76935,1.50,1.00
2014.05.16 12:10:31.106,0.76916,0.76935,1.00,1.00
2014.05.16 12:10:37.377,0.76912,0.76935,1.00,1.00
2014.05.16 12:10:40.018,0.76917,0.76935,1.00,1.00
2014.05.16 12:10:40.084,0.76917,0.76937,1.00,1.00
2014.05.16 12:10:43.050,0.76917,0.76935,1.00,1.00
2014.05.16 12:10:53.854,0.76917,0.76939,1.00,1.00
2014.05.16 12:10:53.955,0.76917,0.76941,1.00,1.00
2014.05.16 12:10:54.238,0.76922,0.76941,1.00,1.00
2014.05.16 12:10:58.338,0.76916,0.76941,1.00,1.00
2014.05.16 12:10:58.388,0.76916,0.76938,1.00,1.00
2014.05.16 12:10:58.725,0.76916,0.76935,1.00,1.00
2014.05.16 12:11:15.065,0.76916,0.76938,1.00,1.00
2014.05.16 12:11:18.129,0.76913,0.76938,1.00,1.00
2014.05.16 12:11:18.179,0.76913,0.76935,1.00,1.00
2014.05.16 12:11:21.857,0.76916,0.76935,1.00,1.00
2014.05.16 12:11:28.356,0.76912,0.76935,1.50,1.00
2014.05.16 12:11:28.664,0.76917,0.76935,1.00,1.00
2014.05.16 12:11:28.925,0.76917,0.76938,1.00,1.00
2014.05.16 12:11:29.328,0.76921,0.76938,1.00,1.00
2014.05.16 12:11:36.185,0.76921,0.76936,1.00,1.00
2014.05.16 12:11:36.671,0.76916,0.76936,1.00,1.00
2014.05.16 12:11:36.787,0.76921,0.76936,1.00,1.00
2014.05.16 12:11:36.888,0.76916,0.76936,1.00,1.00
2014.05.16 12:11:37.107,0.76916,0.76934,1.00,1.00
2014.05.16 12:11:38.270,0.76916,0.76938,1.00,1.00
2014.05.16 12:11:38.426,0.76922,0.76938,1.00,1.00
2014.05.16 12:11:39.074,0.76917,0.76938,1.00,1.00
2014.05.16 12:11:44.904,0.76921,0.76938,1.00,1.00
2014.05.16 12:11:45.235,0.76917,0.76938,1.00,1.00
2014.05.16 12:11:46.554,0.76922,0.76938,1.00,1.00
2014.05.16 12:11:47.104,0.76917,0.76938,1.00,1.00
2014.05.16 12:11:47.327,0.76921,0.76938,1.00,1.00
2014.05.16 12:11:49.160,0.76921,0.7694,1.00,1.00
2014.05.16 12:12:04.834,0.76917,0.7694,1.00,1.00
2014.05.16 12:12:08.333,0.76921,0.7694,1.00,1.00
2014.05.16 12:12:19.958,0.76921,0.76942,1.00,1.00
2014.05.16 12:12:32.784,0.76917,0.76942,1.00,1.00
2014.05.16 12:12:34.545,0.76922,0.76942,1.00,1.00
2014.05.16 12:12:34.874,0.76916,0.76942,3.75,1.00
2014.05.16 12:12:35.252,0.76921,0.76942,1.00,1.00
2014.05.16 12:12:57.148,0.76921,0.76943,1.00,1.50
2014.05.16 12:12:57.533,0.76917,0.76942,1.00,1.00
2014.05.16 12:12:57.682,0.76917,0.7694,1.00,1.00
2014.05.16 12:12:58.082,0.76921,0.7694,1.00,1.00
2014.05.16 12:12:58.592,0.76921,0.76939,1.00,1.00
2014.05.16 12:12:58.643,0.76916,0.76939,1.00,1.50
2014.05.16 12:12:58.693,0.76916,0.76937,1.00,1.00
2014.05.16 12:13:03.014,0.76916,0.76939,2.25,1.00
2014.05.16 12:13:03.896,0.76916,0.76933,1.00,1.00
2014.05.16 12:13:03.947,0.76911,0.76933,1.00,1.50
2014.05.16 12:13:04.090,0.76909,0.76933,1.00,2.25
2014.05.16 12:13:04.393,0.76909,0.76931,1.00,1.00
2014.05.16 12:13:04.732,0.76907,0.76931,2.25,1.00
2014.05.16 12:13:05.573,0.76912,0.76931,1.00,1.00
2014.05.16 12:13:06.183,0.76912,0.76932,1.00,1.00
2014.05.16 12:13:06.665,0.76907,0.76932,1.50,1.00
2014.05.16 12:13:06.776,0.76911,0.76932,1.00,1.00
2014.05.16 12:13:06.927,0.76907,0.76931,1.00,1.00
2014.05.16 12:13:08.055,0.76911,0.76931,1.00,1.00
2014.05.16 12:13:08.682,0.76911,0.76932,1.00,1.00
2014.05.16 12:13:09.018,0.76911,0.76934,1.00,1.50
2014.05.16 12:13:09.816,0.76912,0.76934,1.50,1.50
2014.05.16 12:13:10.335,0.76913,0.76934,1.50,1.50
2014.05.16 12:13:10.812,0.76916,0.76937,1.00,1.00
2014.05.16 12:13:10.914,0.76916,0.76939,1.00,1.00
2014.05.16 12:13:11.473,0.76917,0.76939,1.50,1.00
2014.05.16 12:13:14.102,0.76921,0.76939,1.00,1.00
2014.05.16 12:13:16.422,0.76917,0.76937,1.50,1.00
2014.05.16 12:13:16.523,0.76916,0.76935,1.00,1.00
2014.05.16 12:13:16.573,0.76913,0.76935,1.00,1.00
2014.05.16 12:13:16.770,0.76917,0.76935,1.00,1.00
2014.05.16 12:13:17.073,0.76911,0.76935,2.25,1.00
2014.05.16 12:13:18.936,0.76922,0.76935,1.00,1.00
2014.05.16 12:13:19.037,0.76922,0.76937,1.00,1.00
2014.05.16 12:13:19.088,0.76917,0.76937,1.00,1.00
2014.05.16 12:13:19.601,0.76917,0.76938,1.00,1.00
2014.05.16 12:13:21.163,0.76922,0.76938,1.00,1.00
2014.05.16 12:13:24.477,0.76917,0.76938,1.00,1.00
2014.05.16 12:13:24.796,0.76921,0.76938,1.00,1.00
2014.05.16 12:13:26.448,0.76922,0.76938,1.00,1.00
2014.05.16 12:13:28.427,0.76917,0.76938,2.25,1.00
2014.05.16 12:13:29.087,0.76917,0.7694,1.00,1.00
2014.05.16 12:13:29.931,0.76922,0.7694,1.00,1.00
2014.05.16 12:13:32.791,0.76916,0.7694,1.50,1.00
2014.05.16 12:13:32.901,0.76921,0.7694,1.00,1.00
2014.05.16 12:13:37.340,0.76917,0.7694,1.00,1.00
2014.05.16 12:13:43.117,0.76918,0.76942,1.00,1.00
2014.05.16 12:13:43.816,0.76921,0.76942,1.00,1.00
2014.05.16 12:13:43.916,0.76921,0.76944,1.00,1.00
2014.05.16 12:13:44.374,0.76926,0.76944,1.00,1.00
2014.05.16 12:13:44.483,0.76921,0.76944,1.00,1.00
2014.05.16 12:13:44.934,0.76926,0.76944,1.00,1.00
2014.05.16 12:13:45.034,0.76926,0.76948,1.00,1.50
2014.05.16 12:13:45.924,0.76922,0.76948,1.00,1.00
2014.05.16 12:13:46.913,0.76926,0.76948,1.00,1.00
2014.05.16 12:13:47.902,0.76922,0.76948,1.00,1.00
2014.05.16 12:13:50.731,0.76921,0.76945,3.00,1.00
2014.05.16 12:13:50.863,0.76922,0.76948,1.00,1.00
2014.05.16 12:13:50.913,0.76922,0.76944,1.00,1.00
2014.05.16 12:13:51.014,0.76922,0.76947,1.00,1.00
2014.05.16 12:13:51.114,0.76922,0.76944,1.00,1.00
2014.05.16 12:13:51.165,0.76919,0.76944,2.25,1.00
2014.05.16 12:13:53.876,0.76919,0.76939,2.25,1.00
2014.05.16 12:13:55.594,0.76919,0.76944,1.00,2.25
2014.05.16 12:14:00.937,0.76918,0.76942,2.25,1.00
2014.05.16 12:14:02.458,0.76922,0.76942,1.00,1.00
2014.05.16 12:14:04.716,0.76922,0.76946,1.00,1.50
2014.05.16 12:14:05.167,0.76926,0.76946,1.00,1.00
2014.05.16 12:14:05.480,0.76926,0.76948,1.00,1.00
2014.05.16 12:14:05.865,0.76922,0.76948,3.00,1.50
2014.05.16 12:14:06.476,0.76923,0.76948,1.50,1.50
2014.05.16 12:14:06.526,0.76926,0.76948,1.00,1.00
2014.05.16 12:14:06.768,0.76926,0.7695,1.50,1.00
2014.05.16 12:14:08.832,0.76926,0.76948,1.00,1.00
2014.05.16 12:14:09.821,0.76926,0.7695,1.50,1.00
2014.05.16 12:14:17.656,0.76926,0.76948,1.00,1.00
2014.05.16 12:14:20.745,0.76931,0.76952,1.00,1.50
2014.05.16 12:14:21.009,0.76931,0.76954,1.00,1.00
2014.05.16 12:14:22.383,0.76928,0.76954,1.00,1.50
2014.05.16 12:14:22.831,0.76927,0.76951,1.50,1.00
2014.05.16 12:14:28.987,0.76926,0.76949,1.00,1.00
2014.05.16 12:14:29.209,0.76926,0.76952,1.50,1.00
2014.05.16 12:14:33.387,0.76926,0.76948,1.00,1.00
2014.05.16 12:14:37.460,0.76927,0.76951,1.00,1.00
2014.05.16 12:14:38.121,0.76931,0.76951,1.00,1.00
2014.05.16 12:14:38.891,0.76927,0.76951,1.00,1.00
2014.05.16 12:14:40.110,0.76932,0.76951,1.00,1.00
2014.05.16 12:14:40.212,0.76932,0.76953,1.00,1.00
2014.05.16 12:14:40.537,0.76932,0.76955,1.00,1.50
2014.05.16 12:14:40.588,0.76937,0.76955,1.00,1.50
2014.05.16 12:14:42.628,0.76937,0.76958,1.00,1.00
2014.05.16 12:14:42.741,0.76942,0.76958,1.00,1.00
2014.05.16 12:14:43.850,0.76942,0.7696,1.00,1.00
2014.05.16 12:14:47.030,0.76942,0.76963,1.00,1.00
2014.05.16 12:14:47.181,0.76942,0.76965,1.00,1.00
2014.05.16 12:14:49.058,0.76947,0.76965,1.00,1.00
2014.05.16 12:14:49.391,0.76942,0.76965,1.00,1.00
2014.05.16 12:14:49.560,0.76942,0.76963,1.00,1.00
2014.05.16 12:14:50.146,0.76942,0.76964,2.25,1.00
2014.05.16 12:14:52.795,0.76946,0.76964,1.00,1.00
2014.05.16 12:14:53.224,0.76942,0.76964,1.00,1.00
2014.05.16 12:14:55.311,0.76946,0.76964,1.00,1.00
2014.05.16 12:14:56.289,0.76946,0.76966,1.00,1.50
2014.05.16 12:14:58.181,0.76946,0.7697,1.50,1.00
2014.05.16 12:14:58.471,0.76946,0.76967,1.00,1.00
2014.05.16 12:14:59.018,0.76946,0.76968,1.00,1.00
2014.05.16 12:14:59.605,0.76951,0.76968,1.00,1.00
2014.05.16 12:14:59.799,0.76946,0.76968,1.00,1.00
2014.05.16 12:15:00.341,0.76946,0.76967,1.00,1.00
2014.05.16 12:15:05.663,0.76946,0.76963,1.00,1.00
2014.05.16 12:15:11.008,0.76946,0.76966,1.00,1.00
2014.05.16 12:15:14.917,0.76951,0.76966,1.00,1.00
2014.05.16 12:15:15.081,0.76951,0.76968,1.00,1.00
2014.05.16 12:15:16.399,0.76951,0.76972,1.00,1.50
2014.05.16 12:15:16.603,0.76962,0.76972,1.00,1.00
2014.05.16 12:15:16.653,0.76962,0.76974,1.00,1.50
2014.05.16 12:15:16.816,0.76956,0.76974,1.00,1.50
2014.05.16 12:15:17.056,0.76956,0.76978,1.00,1.00
2014.05.16 12:15:17.207,0.76956,0.76976,1.00,1.00
2014.05.16 12:15:17.854,0.76956,0.76979,1.00,1.00
2014.05.16 12:15:17.905,0.76962,0.76979,1.00,1.00
2014.05.16 12:15:18.005,0.76963,0.76981,1.50,1.00
2014.05.16 12:15:18.056,0.76963,0.76983,1.50,1.00
2014.05.16 12:15:18.106,0.76966,0.76983,2.25,1.00
2014.05.16 12:15:18.409,0.76972,0.76987,1.00,1.50
2014.05.16 12:15:19.038,0.76972,0.76986,1.00,1.13
2014.05.16 12:15:19.088,0.76972,0.76988,1.00,1.88
2014.05.16 12:15:21.685,0.76972,0.7699,1.00,1.00
2014.05.16 12:15:22.176,0.76967,0.7699,1.50,1.00
2014.05.16 12:15:22.753,0.76971,0.7699,1.00,1.00
2014.05.16 12:15:22.865,0.76967,0.7699,1.50,1.00
2014.05.16 12:15:23.155,0.76967,0.76988,1.00,1.00
2014.05.16 12:15:24.848,0.76972,0.76988,1.00,1.00
2014.05.16 12:15:25.014,0.76972,0.7699,1.00,1.00
2014.05.16 12:15:27.544,0.76972,0.76988,1.00,1.00
2014.05.16 12:15:28.031,0.76966,0.76988,1.00,1.00
2014.05.16 12:15:28.580,0.76972,0.76988,1.00,1.00
2014.05.16 12:15:30.562,0.76966,0.76988,1.00,1.00
2014.05.16 12:15:34.242,0.76968,0.76988,1.50,1.00
2014.05.16 12:15:43.115,0.76966,0.76988,1.00,1.00
2014.05.16 12:15:43.274,0.76967,0.76986,1.50,1.00
2014.05.16 12:15:44.327,0.76971,0.76986,1.00,1.00
2014.05.16 12:15:45.581,0.76971,0.76983,1.00,1.00
2014.05.16 12:15:46.791,0.76971,0.76986,1.00,1.00
2014.05.16 12:15:47.121,0.76971,0.76983,1.00,1.00
2014.05.16 12:15:49.856,0.76966,0.76983,1.00,1.00
2014.05.16 12:15:51.867,0.76964,0.76981,1.50,1.00
2014.05.16 12:15:51.918,0.76962,0.76981,1.50,1.00
2014.05.16 12:15:51.968,0.76962,0.76979,1.50,1.00
2014.05.16 12:15:52.300,0.76961,0.76981,2.25,1.00
2014.05.16 12:15:52.570,0.76966,0.76981,1.00,1.00
2014.05.16 12:15:53.400,0.76964,0.76981,1.50,1.00
2014.05.16 12:15:53.501,0.76963,0.76983,1.50,1.00
2014.05.16 12:15:54.799,0.76962,0.76983,1.50,1.00
2014.05.16 12:15:55.103,0.76964,0.76983,1.50,1.00
2014.05.16 12:15:58.571,0.76967,0.76983,1.00,1.00
2014.05.16 12:15:58.782,0.76967,0.76986,1.00,1.00
2014.05.16 12:15:59.382,0.76967,0.76987,1.00,1.00
2014.05.16 12:15:59.900,0.76968,0.76987,1.50,1.00
2014.05.16 12:16:02.312,0.76971,0.76987,1.00,1.00
2014.05.16 12:16:06.392,0.76968,0.76987,1.50,1.00
2014.05.16 12:16:10.320,0.76966,0.76987,2.25,1.00
2014.05.16 12:16:26.181,0.76971,0.76987,1.00,1.00
2014.05.16 12:16:26.480,0.76971,0.76991,1.00,1.00
2014.05.16 12:16:26.623,0.76967,0.76991,1.00,1.00
2014.05.16 12:16:27.079,0.76971,0.76991,1.00,1.00
2014.05.16 12:16:27.654,0.76966,0.76991,1.50,1.00
2014.05.16 12:16:28.969,0.76971,0.76991,1.00,1.00
2014.05.16 12:16:29.085,0.76967,0.76991,1.00,1.00
2014.05.16 12:16:29.236,0.76967,0.76988,1.00,1.00
2014.05.16 12:16:29.572,0.76971,0.76988,1.00,1.00
2014.05.16 12:16:34.362,0.76966,0.76988,1.00,1.00
2014.05.16 12:16:34.412,0.76966,0.76983,1.00,1.00
2014.05.16 12:16:34.513,0.76966,0.76985,1.00,1.00
2014.05.16 12:16:34.706,0.76971,0.76988,1.00,1.00
2014.05.16 12:16:34.936,0.76971,0.7699,1.00,1.00
2014.05.16 12:16:35.046,0.76971,0.76988,1.00,1.00
2014.05.16 12:16:36.890,0.76967,0.76988,1.00,1.00
2014.05.16 12:16:40.908,0.76967,0.7699,2.25,1.00
2014.05.16 12:16:41.513,0.76972,0.7699,1.00,1.00
2014.05.16 12:16:44.701,0.76967,0.7699,1.00,1.00
2014.05.16 12:16:46.470,0.76971,0.7699,1.00,1.00
2014.05.16 12:16:48.221,0.76966,0.7699,3.75,1.00
2014.05.16 12:16:48.474,0.76966,0.76986,1.00,1.00
2014.05.16 12:16:48.812,0.76966,0.76988,1.00,1.00
2014.05.16 12:16:48.993,0.76964,0.76988,1.00,1.00
2014.05.16 12:16:49.209,0.76967,0.76988,1.00,1.00
2014.05.16 12:16:49.441,0.76964,0.76988,1.00,1.50
2014.05.16 12:16:49.870,0.76966,0.76988,1.00,1.00
2014.05.16 12:16:50.249,0.76966,0.76986,1.00,1.00
2014.05.16 12:16:51.547,0.76966,0.76989,1.00,1.00
2014.05.16 12:16:55.273,0.76968,0.76989,1.00,1.00
2014.05.16 12:16:55.323,0.76971,0.76993,1.00,1.00
2014.05.16 12:16:55.532,0.76977,0.76995,1.00,1.00
2014.05.16 12:16:55.632,0.76977,0.76998,1.00,1.00
2014.05.16 12:16:56.107,0.76974,0.76998,2.25,1.50
2014.05.16 12:16:57.065,0.76977,0.76998,1.00,1.00
2014.05.16 12:16:59.274,0.76977,0.76996,1.00,1.00
2014.05.16 12:16:59.812,0.76974,0.76996,1.50,1.00
2014.05.16 12:17:00.140,0.76976,0.76996,1.00,1.00
2014.05.16 12:17:00.913,0.76972,0.76996,2.25,1.00
2014.05.16 12:17:01.518,0.76971,0.76996,2.25,1.00
2014.05.16 12:17:01.569,0.76971,0.76993,2.25,1.00
2014.05.16 12:17:04.869,0.76969,0.76993,2.25,1.00
2014.05.16 12:17:05.090,0.76971,0.76993,1.00,1.00
2014.05.16 12:17:09.696,0.76971,0.76992,1.00,1.00
2014.05.16 12:17:12.134,0.76971,0.76988,2.25,1.00
2014.05.16 12:17:12.184,0.76967,0.76988,2.25,1.00
2014.05.16 12:17:12.385,0.76967,0.76986,2.25,1.00
2014.05.16 12:17:17.075,0.76967,0.76984,1.00,1.00
2014.05.16 12:17:17.329,0.76964,0.76984,1.50,1.00
2014.05.16 12:17:17.879,0.76967,0.76984,1.00,1.00
2014.05.16 12:17:18.142,0.76963,0.76984,1.50,1.00
2014.05.16 12:17:18.304,0.76962,0.76982,2.25,1.00
2014.05.16 12:17:19.083,0.76963,0.76982,1.50,1.00
2014.05.16 12:17:19.461,0.76967,0.76982,1.00,1.00
2014.05.16 12:17:21.190,0.76968,0.76982,1.50,1.00
2014.05.16 12:17:21.247,0.76968,0.76987,1.50,1.00
2014.05.16 12:17:21.493,0.76967,0.76985,1.00,1.00
2014.05.16 12:17:25.331,0.76967,0.76986,1.00,1.00
2014.05.16 12:17:25.791,0.76971,0.76986,1.00,1.00
2014.05.16 12:17:26.249,0.76968,0.76986,1.50,1.00
2014.05.16 12:17:26.771,0.76968,0.76991,1.50,1.00
2014.05.16 12:17:26.922,0.76971,0.76992,1.00,1.00
2014.05.16 12:17:27.451,0.76971,0.76993,1.00,1.00
2014.05.16 12:17:35.528,0.76977,0.76993,1.00,1.00
2014.05.16 12:17:35.578,0.76977,0.76996,1.00,1.00
2014.05.16 12:17:35.629,0.76982,0.76996,1.00,1.00
2014.05.16 12:17:35.679,0.76982,0.76998,1.00,1.00
2014.05.16 12:17:35.780,0.76982,0.77,1.00,1.00
2014.05.16 12:17:36.366,0.76982,0.77001,1.00,1.00
2014.05.16 12:17:37.002,0.76982,0.77003,2.25,1.00
2014.05.16 12:17:37.140,0.76987,0.77003,1.00,1.00
2014.05.16 12:17:39.043,0.76981,0.77003,1.00,1.00
2014.05.16 12:17:39.151,0.76987,0.77003,1.00,1.00
2014.05.16 12:17:39.388,0.76982,0.77003,1.00,1.00
2014.05.16 12:17:39.778,0.76987,0.77003,1.00,1.00
2014.05.16 12:17:40.108,0.76981,0.77003,1.00,1.00
2014.05.16 12:17:40.492,0.76981,0.77001,1.00,1.00
2014.05.16 12:17:40.843,0.76981,0.76998,1.00,1.00
2014.05.16 12:17:41.603,0.76977,0.76998,1.00,1.00
2014.05.16 12:17:41.654,0.76977,0.76994,1.00,1.00
2014.05.16 12:17:41.704,0.76972,0.76994,1.00,1.00
2014.05.16 12:17:42.080,0.76972,0.76991,1.00,1.00
2014.05.16 12:17:42.393,0.76977,0.76991,1.00,1.00
2014.05.16 12:17:43.578,0.76977,0.76994,1.00,1.50
2014.05.16 12:17:45.858,0.76982,0.76994,1.00,1.00
2014.05.16 12:17:46.657,0.76982,0.76997,1.00,1.00
2014.05.16 12:17:47.638,0.76977,0.76997,1.00,1.00
2014.05.16 12:17:50.836,0.76977,0.76994,1.00,1.00
2014.05.16 12:17:51.165,0.76981,0.76996,1.00,1.00
2014.05.16 12:17:51.471,0.76977,0.76996,1.00,1.00
2014.05.16 12:17:51.648,0.76977,0.76994,1.00,1.00
2014.05.16 12:17:52.349,0.76981,0.76994,1.00,1.00
2014.05.16 12:17:53.777,0.76977,0.76994,1.00,1.00
2014.05.16 12:17:59.669,0.76977,0.76991,1.00,1.00
2014.05.16 12:18:00.334,0.76977,0.76996,1.00,1.00
2014.05.16 12:18:00.536,0.7698,0.76999,1.00,1.00
2014.05.16 12:18:00.586,0.7698,0.77003,1.00,1.00
2014.05.16 12:18:00.846,0.76981,0.77001,1.00,1.00
2014.05.16 12:18:01.448,0.76978,0.77001,1.50,1.00
2014.05.16 12:18:02.111,0.76977,0.77001,2.25,1.00
2014.05.16 12:18:02.310,0.76977,0.76999,1.50,1.00
2014.05.16 12:18:07.153,0.76977,0.77,1.50,1.00
2014.05.16 12:18:07.319,0.76977,0.77003,1.50,1.50
2014.05.16 12:18:07.419,0.76979,0.77003,1.00,1.00
2014.05.16 12:18:12.495,0.76978,0.77002,3.00,1.00
2014.05.16 12:18:12.928,0.76978,0.77,1.50,1.00
2014.05.16 12:18:14.188,0.76977,0.77,1.50,1.00
2014.05.16 12:18:26.434,0.76977,0.76999,1.00,1.00
2014.05.16 12:18:26.534,0.76974,0.76999,1.00,1.50
2014.05.16 12:18:26.685,0.76973,0.76996,1.00,1.00
2014.05.16 12:18:27.271,0.76972,0.76996,1.50,1.00
2014.05.16 12:18:32.355,0.76971,0.76993,2.25,1.00
2014.05.16 12:18:36.462,0.7697,0.76991,1.00,1.00
2014.05.16 12:18:39.395,0.7697,0.76993,1.00,1.00
2014.05.16 12:18:39.930,0.76971,0.76992,1.00,1.00
2014.05.16 12:18:40.474,0.7697,0.76993,3.00,1.00
2014.05.16 12:18:48.189,0.76971,0.76994,1.00,1.00
2014.05.16 12:18:53.459,0.76972,0.76994,1.50,1.00
2014.05.16 12:18:54.169,0.76972,0.76996,2.25,1.00
2014.05.16 12:18:54.599,0.76972,0.76993,1.50,1.00
2014.05.16 12:18:54.717,0.7697,0.76993,1.00,1.00
2014.05.16 12:18:56.900,0.76972,0.76995,1.00,1.00
2014.05.16 12:18:57.001,0.76973,0.76998,1.50,2.25
2014.05.16 12:18:57.152,0.76975,0.76998,1.00,1.00
2014.05.16 12:18:57.968,0.76975,0.76999,1.50,1.00
2014.05.16 12:18:59.838,0.76976,0.76999,1.00,1.00
2014.05.16 12:19:00.328,0.7698,0.76999,1.00,1.00
2014.05.16 12:19:00.981,0.76976,0.76999,1.50,1.00
2014.05.16 12:19:09.314,0.7698,0.76999,1.00,1.00
2014.05.16 12:19:09.435,0.76977,0.76999,1.00,1.00
2014.05.16 12:19:09.807,0.76977,0.77003,1.00,1.00
2014.05.16 12:19:12.273,0.76982,0.77003,1.00,1.00
2014.05.16 12:19:12.326,0.76982,0.77005,1.00,1.00
2014.05.16 12:19:12.426,0.76983,0.77007,1.50,1.50
2014.05.16 12:19:12.477,0.76986,0.77007,1.00,1.50
2014.05.16 12:19:12.578,0.76986,0.7701,1.50,1.00
2014.05.16 12:19:12.762,0.76991,0.77011,1.00,1.00
2014.05.16 12:19:12.812,0.76992,0.77018,1.00,1.50
2014.05.16 12:19:12.863,0.76992,0.77016,1.00,1.00
2014.05.16 12:19:13.209,0.76987,0.77011,1.50,1.00
2014.05.16 12:19:13.620,0.76987,0.77009,1.00,1.00
2014.05.16 12:19:14.148,0.76986,0.77008,1.00,1.00
2014.05.16 12:19:17.908,0.76986,0.77012,3.00,1.00
2014.05.16 12:19:18.737,0.76986,0.77011,1.50,1.00
2014.05.16 12:19:18.964,0.76987,0.77009,1.00,1.00
2014.05.16 12:19:19.279,0.76987,0.77004,1.00,1.00
2014.05.16 12:19:19.439,0.76981,0.77004,1.00,1.00
2014.05.16 12:19:19.590,0.76981,0.77002,1.00,1.00
2014.05.16 12:19:19.947,0.76981,0.77,1.00,1.00
2014.05.16 12:19:24.149,0.76977,0.77,1.00,1.00
2014.05.16 12:19:24.711,0.76977,0.76999,1.00,1.00
2014.05.16 12:19:25.091,0.76977,0.76996,1.00,1.00
2014.05.16 12:19:25.603,0.76972,0.76996,1.50,1.00
2014.05.16 12:19:25.825,0.76972,0.76994,1.00,1.00
2014.05.16 12:19:26.157,0.7697,0.76992,1.00,1.00
2014.05.16 12:19:26.481,0.76968,0.76992,1.00,1.00
2014.05.16 12:19:26.582,0.76971,0.76992,1.00,1.00
2014.05.16 12:19:26.928,0.76971,0.76988,1.00,1.00
2014.05.16 12:19:27.197,0.76967,0.76988,1.50,1.00
2014.05.16 12:19:27.481,0.76971,0.76988,1.00,1.00
2014.05.16 12:19:27.587,0.76971,0.76992,1.00,1.00
2014.05.16 12:19:27.809,0.76968,0.76992,1.00,1.00
2014.05.16 12:19:32.452,0.76972,0.76992,1.00,1.00
2014.05.16 12:19:32.771,0.76972,0.76995,1.00,1.00
2014.05.16 12:19:33.294,0.76972,0.76996,1.50,1.00
2014.05.16 12:19:33.344,0.76972,0.76993,1.00,1.00
2014.05.16 12:19:33.775,0.76972,0.76996,1.00,1.00
2014.05.16 12:19:34.097,0.76973,0.76999,1.00,1.50
2014.05.16 12:19:36.086,0.76972,0.76993,1.50,1.00
2014.05.16 12:19:36.496,0.7697,0.76993,1.50,1.00
2014.05.16 12:19:47.717,0.76972,0.76996,1.00,1.00
2014.05.16 12:19:49.852,0.76972,0.76994,1.00,1.00
2014.05.16 12:19:49.953,0.76968,0.76994,1.00,1.50
2014.05.16 12:19:50.355,0.76968,0.76992,1.00,1.00
2014.05.16 12:19:53.937,0.7697,0.76992,1.00,1.00
2014.05.16 12:19:54.567,0.76971,0.76992,1.00,1.00
2014.05.16 12:19:55.806,0.76972,0.76992,1.00,1.00
2014.05.16 12:19:55.857,0.76972,0.76994,1.00,1.00
2014.05.16 12:19:56.404,0.76971,0.76994,1.50,1.00
2014.05.16 12:19:58.373,0.76971,0.76996,1.50,1.00
2014.05.16 12:19:58.423,0.76973,0.76997,1.00,1.00
2014.05.16 12:19:58.759,0.76977,0.76998,1.00,1.00
2014.05.16 12:19:59.077,0.76981,0.77002,1.00,1.00
2014.05.16 12:19:59.128,0.76978,0.77002,1.00,1.00
2014.05.16 12:19:59.711,0.76978,0.77003,1.00,1.00
2014.05.16 12:20:00.359,0.76977,0.77001,1.00,1.00
2014.05.16 12:20:00.708,0.76973,0.76997,2.25,1.00
2014.05.16 12:20:01.287,0.76973,0.76994,1.00,1.00
2014.05.16 12:20:01.857,0.76971,0.76994,1.00,1.00
2014.05.16 12:20:02.653,0.76971,0.76995,2.25,1.00
2014.05.16 12:20:03.861,0.76972,0.76996,1.00,1.00
2014.05.16 12:20:04.658,0.76973,0.76996,1.00,1.00
2014.05.16 12:20:04.961,0.76973,0.76993,1.00,1.00
2014.05.16 12:20:05.061,0.76973,0.76996,1.00,1.00
2014.05.16 12:20:12.768,0.76974,0.76998,1.00,1.50
2014.05.16 12:20:14.958,0.76975,0.76998,1.00,1.00
2014.05.16 12:20:15.108,0.76979,0.77001,1.00,1.50
2014.05.16 12:20:15.159,0.76979,0.77003,1.00,1.00
2014.05.16 12:20:19.905,0.7698,0.77004,1.00,1.50
2014.05.16 12:20:21.277,0.7698,0.77,1.00,1.00
2014.05.16 12:20:21.378,0.76976,0.76998,1.50,1.00
2014.05.16 12:20:21.895,0.76975,0.76998,1.00,1.00
2014.05.16 12:20:23.210,0.76973,0.76998,1.00,1.00
2014.05.16 12:20:25.403,0.76972,0.76996,1.50,1.00
2014.05.16 12:20:35.538,0.76972,0.76994,1.00,1.00
2014.05.16 12:20:35.700,0.7697,0.76994,1.00,1.50
2014.05.16 12:20:35.921,0.76968,0.76993,1.00,1.00
2014.05.16 12:20:36.098,0.76967,0.76989,1.00,1.00
2014.05.16 12:20:36.702,0.76966,0.76989,1.50,1.00
2014.05.16 12:20:40.367,0.76966,0.76991,1.50,1.00
2014.05.16 12:20:41.127,0.76967,0.76991,1.00,1.00
2014.05.16 12:20:51.007,0.76966,0.76991,1.50,1.00
2014.05.16 12:20:52.437,0.76967,0.76991,1.00,1.00
2014.05.16 12:20:52.590,0.76971,0.76991,1.00,1.00
2014.05.16 12:20:54.383,0.76971,0.76993,1.00,1.00
2014.05.16 12:20:55.105,0.76971,0.76992,1.00,1.00
2014.05.16 12:20:55.669,0.76971,0.76994,1.00,1.00
2014.05.16 12:20:58.521,0.76971,0.76992,1.00,1.00
2014.05.16 12:20:58.572,0.76969,0.76992,1.00,1.00
2014.05.16 12:20:59.004,0.76968,0.7699,1.00,1.00
2014.05.16 12:20:59.105,0.76968,0.76992,1.00,1.00
2014.05.16 12:20:59.839,0.76969,0.76993,1.00,1.50
2014.05.16 12:21:00.508,0.76972,0.76993,1.00,1.00
2014.05.16 12:21:00.834,0.76972,0.76995,1.00,1.00
2014.05.16 12:21:01.595,0.76972,0.76994,1.00,1.00
2014.05.16 12:21:02.157,0.76968,0.76993,1.50,1.00
2014.05.16 12:21:02.917,0.76968,0.76992,1.00,1.00
2014.05.16 12:21:04.236,0.76967,0.76989,1.00,1.00
2014.05.16 12:21:05.607,0.76972,0.76989,1.00,1.00
2014.05.16 12:21:05.708,0.76972,0.76991,1.00,1.00
2014.05.16 12:21:06.038,0.76972,0.76993,1.00,1.00
2014.05.16 12:21:06.144,0.76972,0.76996,1.00,1.50
2014.05.16 12:21:06.647,0.76971,0.76997,1.50,1.00
2014.05.16 12:21:15.238,0.76971,0.76995,1.00,1.00
2014.05.16 12:21:15.518,0.76969,0.76994,1.50,1.00
2014.05.16 12:21:16.119,0.76969,0.76993,1.00,1.00
2014.05.16 12:21:23.861,0.76969,0.76992,1.00,1.00
2014.05.16 12:21:24.458,0.76969,0.76993,1.00,1.00
2014.05.16 12:21:24.753,0.76977,0.76993,1.00,1.00
2014.05.16 12:21:25.083,0.76971,0.76993,1.00,1.00
2014.05.16 12:21:25.744,0.76971,0.76992,1.00,1.00
2014.05.16 12:21:26.016,0.76971,0.7699,1.00,1.00
2014.05.16 12:21:26.736,0.76971,0.76989,1.00,1.00
2014.05.16 12:21:26.949,0.76967,0.76988,1.00,1.00
2014.05.16 12:21:27.050,0.76967,0.76986,1.00,1.00
2014.05.16 12:21:39.215,0.76967,0.76988,1.00,1.00
2014.05.16 12:21:40.120,0.76971,0.7699,1.00,2.25
2014.05.16 12:21:40.882,0.76971,0.76991,1.00,1.00
2014.05.16 12:21:43.397,0.76971,0.76989,1.00,1.00
2014.05.16 12:21:43.600,0.76967,0.76989,1.00,1.00
2014.05.16 12:21:44.388,0.76967,0.76987,1.00,1.00
2014.05.16 12:21:44.689,0.76972,0.76987,1.00,1.00
2014.05.16 12:21:45.196,0.76972,0.7699,1.00,1.00
2014.05.16 12:21:45.375,0.76972,0.76993,1.00,1.00
2014.05.16 12:21:49.649,0.76967,0.76993,2.25,1.50
2014.05.16 12:21:49.865,0.76971,0.76993,1.00,1.00
2014.05.16 12:22:00.885,0.76971,0.76994,1.00,1.00
2014.05.16 12:22:05.956,0.76977,0.76994,1.00,1.00
2014.05.16 12:22:06.208,0.76971,0.76994,1.00,1.00
2014.05.16 12:22:06.274,0.76972,0.76996,1.00,1.00
2014.05.16 12:22:06.505,0.76976,0.76996,1.00,1.00
2014.05.16 12:22:07.027,0.76976,0.76997,1.00,1.00
2014.05.16 12:22:11.884,0.76976,0.76996,1.00,1.00
2014.05.16 12:22:12.437,0.76976,0.76999,1.00,1.00
2014.05.16 12:22:13.647,0.76976,0.77,1.50,2.25
2014.05.16 12:22:13.770,0.76981,0.77,1.00,1.00
2014.05.16 12:22:13.921,0.76977,0.77,1.00,1.00
2014.05.16 12:22:14.964,0.76977,0.76999,1.00,1.00
2014.05.16 12:22:15.726,0.76977,0.76998,1.00,1.00
2014.05.16 12:22:15.966,0.76981,0.76998,1.00,1.00
2014.05.16 12:22:16.655,0.76977,0.76998,1.00,1.00
2014.05.16 12:22:17.192,0.76977,0.76999,1.00,1.50
2014.05.16 12:22:17.355,0.76977,0.76996,1.00,1.00
2014.05.16 12:22:17.909,0.76971,0.76995,1.50,1.50
2014.05.16 12:22:18.156,0.76971,0.76993,1.00,1.00
2014.05.16 12:22:18.345,0.76969,0.76993,1.00,1.50
2014.05.16 12:22:18.522,0.76967,0.76992,1.50,1.00
2014.05.16 12:22:18.573,0.76967,0.76988,1.00,1.00
2014.05.16 12:22:18.833,0.76967,0.76991,1.50,2.25
2014.05.16 12:22:19.465,0.76967,0.7699,1.00,1.00
2014.05.16 12:22:19.838,0.76967,0.76987,1.00,1.00
2014.05.16 12:22:27.545,0.76967,0.7699,1.00,1.00
2014.05.16 12:22:28.054,0.76967,0.76991,1.00,1.00
2014.05.16 12:22:32.139,0.76972,0.76991,1.00,1.50
2014.05.16 12:22:32.358,0.76967,0.76991,1.00,1.00
2014.05.16 12:22:38.063,0.76968,0.76993,1.00,1.50
2014.05.16 12:22:38.164,0.76972,0.76993,1.00,1.00
2014.05.16 12:22:38.489,0.76972,0.76995,1.00,1.00
2014.05.16 12:22:39.164,0.76972,0.76996,1.00,1.00
2014.05.16 12:22:39.729,0.76972,0.76997,1.00,1.50
2014.05.16 12:22:41.145,0.76972,0.76998,1.50,1.50
2014.05.16 12:22:46.761,0.76972,0.76994,1.00,1.00
2014.05.16 12:22:46.835,0.76972,0.76998,1.00,1.00
2014.05.16 12:22:47.946,0.76974,0.76999,1.00,1.00
2014.05.16 12:22:49.048,0.76977,0.77,1.00,1.00
2014.05.16 12:22:49.157,0.76974,0.76998,1.00,1.00
2014.05.16 12:22:52.454,0.76974,0.76994,1.00,1.00
2014.05.16 12:22:55.864,0.76974,0.76998,1.00,1.00
2014.05.16 12:22:56.853,0.76974,0.76994,1.00,1.00
2014.05.16 12:23:00.484,0.76974,0.76999,1.00,1.00
2014.05.16 12:23:02.574,0.76974,0.76988,1.00,1.00
2014.05.16 12:23:02.726,0.76972,0.76988,1.50,1.00
2014.05.16 12:23:03.125,0.76972,0.76993,1.00,1.00
2014.05.16 12:23:35.905,0.7697,0.76993,1.00,1.00
2014.05.16 12:23:36.049,0.7697,0.76989,1.00,1.00
2014.05.16 12:23:36.390,0.76971,0.76993,1.00,1.00
2014.05.16 12:23:42.097,0.76971,0.76989,1.00,1.00
2014.05.16 12:23:44.734,0.76971,0.76993,1.00,1.00
2014.05.16 12:23:47.612,0.76971,0.76988,1.00,1.00
2014.05.16 12:23:49.135,0.76971,0.76994,1.00,1.00
2014.05.16 12:23:57.574,0.7697,0.76994,1.00,1.50
2014.05.16 12:23:58.115,0.76971,0.76994,1.00,1.00
2014.05.16 12:23:58.665,0.7697,0.76994,1.00,1.50
2014.05.16 12:23:58.915,0.76968,0.76992,1.00,1.00
2014.05.16 12:24:00.276,0.76968,0.76988,1.00,1.00
2014.05.16 12:24:00.591,0.76966,0.76989,1.00,1.00
2014.05.16 12:24:02.569,0.76967,0.76989,1.00,1.00
2014.05.16 12:24:23.772,0.76965,0.76989,1.00,1.00
2014.05.16 12:24:23.863,0.76965,0.76987,1.00,1.00
2014.05.16 12:24:23.983,0.76963,0.76987,1.50,1.00
2014.05.16 12:24:26.504,0.76965,0.76989,1.00,1.50
2014.05.16 12:24:27.203,0.76967,0.76989,1.00,1.00
2014.05.16 12:24:40.814,0.76965,0.76989,1.00,1.50
2014.05.16 12:24:42.014,0.76963,0.76984,1.00,1.00
2014.05.16 12:24:42.165,0.76961,0.76984,1.50,1.00
2014.05.16 12:24:42.356,0.76959,0.76983,1.00,1.00
2014.05.16 12:24:45.643,0.76961,0.76984,1.00,2.25
2014.05.16 12:24:46.323,0.76962,0.76984,1.00,1.00
2014.05.16 12:24:48.875,0.76958,0.76984,1.00,1.50
2014.05.16 12:24:53.995,0.76958,0.76983,1.00,1.50
2014.05.16 12:24:54.045,0.76958,0.76978,1.00,1.00
2014.05.16 12:24:59.643,0.76958,0.76983,1.00,1.00
2014.05.16 12:24:59.765,0.76958,0.76979,1.00,1.00
2014.05.16 12:25:01.885,0.76958,0.76984,1.00,3.00
2014.05.16 12:25:02.402,0.76958,0.76983,1.00,1.50
2014.05.16 12:25:02.874,0.76958,0.76978,1.00,1.00
2014.05.16 12:25:04.054,0.76958,0.76983,1.00,1.00
2014.05.16 12:25:06.574,0.76959,0.76983,1.00,1.00
2014.05.16 12:25:12.229,0.76962,0.76983,1.00,1.00
2014.05.16 12:25:12.724,0.76962,0.76986,1.50,1.00
2014.05.16 12:25:12.842,0.76965,0.76988,1.00,1.50
2014.05.16 12:25:13.143,0.76967,0.76988,1.00,1.00
2014.05.16 12:25:13.977,0.76968,0.76988,1.00,1.00
2014.05.16 12:25:17.243,0.76966,0.76988,1.00,1.00
2014.05.16 12:25:17.792,0.76966,0.76983,1.00,1.00
2014.05.16 12:25:18.123,0.76963,0.76983,1.00,1.00
2014.05.16 12:25:29.610,0.76963,0.76989,1.00,1.50
2014.05.16 12:25:30.002,0.76966,0.76989,1.00,1.00
2014.05.16 12:25:30.403,0.76967,0.76993,1.00,2.25
2014.05.16 12:25:30.454,0.7697,0.76994,1.00,1.50
2014.05.16 12:25:30.844,0.7697,0.76988,1.00,1.00
2014.05.16 12:25:33.806,0.7697,0.76984,1.00,1.00
2014.05.16 12:25:33.907,0.76967,0.76984,1.00,1.00
2014.05.16 12:25:35.064,0.76964,0.76984,1.00,1.00
2014.05.16 12:25:35.215,0.76962,0.76983,1.00,1.00
2014.05.16 12:25:35.504,0.76965,0.76983,1.00,1.00
2014.05.16 12:25:35.643,0.76965,0.76988,1.00,1.00
2014.05.16 12:25:35.956,0.76969,0.76988,1.00,1.00
2014.05.16 12:25:36.318,0.76969,0.76993,1.00,1.00
2014.05.16 12:25:36.586,0.76969,0.76989,1.00,1.00
2014.05.16 12:25:36.884,0.76969,0.76993,1.00,1.50
2014.05.16 12:25:41.774,0.76967,0.76991,1.50,1.00
2014.05.16 12:25:41.992,0.76968,0.76993,1.00,1.00
2014.05.16 12:25:42.876,0.76967,0.76993,1.50,1.50
2014.05.16 12:25:42.926,0.76967,0.76988,1.00,1.00
2014.05.16 12:25:43.468,0.76966,0.76988,1.00,1.00
2014.05.16 12:25:43.800,0.76968,0.76988,1.00,1.00
2014.05.16 12:25:43.974,0.76965,0.76988,1.50,1.00
2014.05.16 12:25:44.026,0.76967,0.76989,1.00,1.00
2014.05.16 12:25:44.892,0.76967,0.76991,1.50,1.00
2014.05.16 12:25:45.182,0.76969,0.76993,1.00,1.00
2014.05.16 12:25:46.285,0.76971,0.76993,1.00,1.00
2014.05.16 12:25:48.940,0.76969,0.76993,1.00,1.00
2014.05.16 12:26:03.165,0.76969,0.76989,1.00,1.00
2014.05.16 12:26:03.266,0.76965,0.76989,2.25,1.50
2014.05.16 12:26:03.366,0.76967,0.76989,1.00,1.00
2014.05.16 12:26:03.417,0.76967,0.76991,1.00,1.00
2014.05.16 12:26:03.468,0.76969,0.76993,1.00,2.25
2014.05.16 12:26:04.697,0.76971,0.76994,1.00,1.00
2014.05.16 12:26:11.851,0.76972,0.76995,1.00,2.25
2014.05.16 12:26:11.953,0.76972,0.76998,1.50,1.50
2014.05.16 12:26:14.605,0.76972,0.76997,1.50,1.00
2014.05.16 12:26:15.173,0.76972,0.76996,1.50,1.00
2014.05.16 12:26:15.982,0.76972,0.76997,1.50,1.00
2014.05.16 12:26:16.493,0.76973,0.76997,1.00,1.00
2014.05.16 12:26:17.153,0.76973,0.76998,1.00,1.00
2014.05.16 12:26:17.961,0.76977,0.76998,1.00,1.00
2014.05.16 12:26:19.283,0.76974,0.76998,1.00,1.00
2014.05.16 12:26:20.246,0.76974,0.76997,1.00,1.00
2014.05.16 12:26:23.224,0.76974,0.76993,1.00,1.00
2014.05.16 12:26:23.375,0.76971,0.76993,1.00,1.00
2014.05.16 12:26:25.556,0.76971,0.76995,1.50,1.00
2014.05.16 12:26:25.884,0.76973,0.76997,1.00,1.00
2014.05.16 12:26:26.119,0.76974,0.76999,1.00,1.50
2014.05.16 12:26:26.853,0.76974,0.76994,1.00,1.00
2014.05.16 12:26:30.942,0.76971,0.76994,1.00,1.00
2014.05.16 12:26:34.038,0.76971,0.76995,3.00,1.00
2014.05.16 12:26:34.649,0.76972,0.76995,1.50,1.00
2014.05.16 12:26:35.105,0.76972,0.76993,1.50,1.00
2014.05.16 12:26:35.214,0.76972,0.76995,1.00,1.00
2014.05.16 12:26:35.366,0.76972,0.76993,1.50,1.00
2014.05.16 12:26:35.467,0.76972,0.76995,1.00,1.00
2014.05.16 12:26:35.718,0.76969,0.76993,2.25,1.00
2014.05.16 12:26:35.801,0.76971,0.76993,1.50,1.00
2014.05.16 12:26:36.925,0.7697,0.76993,1.50,1.00
2014.05.16 12:26:37.561,0.76969,0.76993,2.25,1.00
2014.05.16 12:26:38.407,0.76969,0.76989,1.00,1.00
2014.05.16 12:26:38.651,0.76966,0.76989,2.25,1.00
2014.05.16 12:26:39.832,0.76967,0.76992,1.00,1.00
2014.05.16 12:26:40.589,0.76968,0.76992,1.50,1.00
2014.05.16 12:26:44.012,0.76968,0.76989,1.50,1.00
2014.05.16 12:26:44.122,0.76967,0.76992,2.25,1.00
2014.05.16 12:26:44.273,0.76969,0.76992,1.50,1.00
2014.05.16 12:26:44.781,0.7697,0.76989,1.50,1.00
2014.05.16 12:26:44.832,0.76968,0.76989,1.50,1.00
2014.05.16 12:26:44.933,0.76968,0.76991,1.50,1.00
2014.05.16 12:26:45.352,0.76968,0.76989,1.50,1.00
2014.05.16 12:26:45.452,0.76969,0.76991,1.50,1.00
2014.05.16 12:26:45.663,0.76969,0.76989,1.50,1.00
2014.05.16 12:26:45.771,0.76968,0.76993,1.50,1.50
2014.05.16 12:26:45.822,0.7697,0.76993,1.50,1.50
2014.05.16 12:26:46.802,0.76968,0.76993,1.50,1.50
2014.05.16 12:26:46.913,0.7697,0.76993,1.50,1.50
2014.05.16 12:26:47.165,0.76972,0.76996,1.00,1.00
2014.05.16 12:26:47.466,0.76973,0.76998,1.00,1.50
2014.05.16 12:26:47.716,0.76973,0.76996,1.00,1.50
2014.05.16 12:26:47.867,0.76974,0.76998,1.00,3.00
2014.05.16 12:26:48.633,0.76972,0.76998,1.00,1.50
2014.05.16 12:26:48.741,0.76971,0.76995,2.25,1.00
2014.05.16 12:26:49.732,0.76971,0.76994,1.50,1.00
2014.05.16 12:26:49.885,0.76972,0.76996,1.00,2.25
2014.05.16 12:26:50.063,0.76971,0.76994,1.00,1.00
2014.05.16 12:26:54.832,0.7697,0.76993,1.00,1.00
2014.05.16 12:26:55.443,0.76972,0.76994,1.00,1.00
2014.05.16 12:26:58.896,0.76972,0.76996,1.00,1.50
2014.05.16 12:27:01.215,0.76972,0.76997,1.00,2.25
2014.05.16 12:27:11.623,0.76972,0.76994,1.00,1.00
2014.05.16 12:27:20.322,0.76972,0.76996,1.00,2.25
2014.05.16 12:27:23.082,0.76972,0.76994,1.00,1.00
2014.05.16 12:27:23.171,0.76972,0.76996,1.00,1.00
2014.05.16 12:27:26.291,0.76972,0.76997,1.50,2.25
2014.05.16 12:27:28.782,0.76972,0.76996,1.00,1.00
2014.05.16 12:27:32.303,0.76972,0.76997,1.00,3.00
2014.05.16 12:27:39.073,0.76971,0.76994,1.00,1.00
2014.05.16 12:27:39.402,0.76971,0.76997,1.50,3.00
2014.05.16 12:27:45.380,0.76971,0.76994,1.00,1.00
2014.05.16 12:27:51.111,0.76972,0.76997,1.00,3.00
2014.05.16 12:27:53.304,0.76976,0.76997,1.00,3.00
2014.05.16 12:27:53.455,0.76971,0.76997,1.50,1.50
2014.05.16 12:27:54.082,0.76971,0.76993,1.00,1.00
2014.05.16 12:27:54.292,0.76972,0.76997,1.00,1.50
2014.05.16 12:27:56.271,0.76971,0.76993,1.00,1.00
2014.05.16 12:27:56.537,0.76967,0.76993,2.25,1.50
2014.05.16 12:27:59.035,0.76972,0.76994,1.00,1.00
2014.05.16 12:28:03.828,0.76972,0.76995,1.00,1.00
2014.05.16 12:28:04.378,0.76972,0.76994,1.00,1.00
2014.05.16 12:28:09.413,0.76972,0.76997,1.00,3.00
2014.05.16 12:28:24.880,0.76974,0.76997,1.00,1.50
2014.05.16 12:28:25.459,0.76975,0.76998,1.00,1.50
2014.05.16 12:28:25.560,0.76972,0.76997,1.50,1.00
2014.05.16 12:28:26.110,0.76972,0.76998,1.50,3.00
2014.05.16 12:28:26.310,0.76974,0.76998,1.00,3.00
2014.05.16 12:28:26.684,0.76972,0.76996,1.50,1.00
2014.05.16 12:28:29.647,0.76973,0.76998,1.00,1.50
2014.05.16 12:28:31.431,0.76973,0.76996,1.00,1.00
2014.05.16 12:28:33.161,0.76971,0.76995,1.00,1.00
2014.05.16 12:28:33.620,0.76972,0.76997,1.00,1.00
2014.05.16 12:28:33.731,0.7697,0.76996,1.00,1.00
2014.05.16 12:28:33.900,0.76972,0.76997,1.00,2.25
2014.05.16 12:28:34.425,0.76972,0.76996,1.00,2.25
2014.05.16 12:28:34.476,0.7697,0.76996,1.00,2.25
2014.05.16 12:28:34.580,0.76972,0.76995,1.00,1.50
2014.05.16 12:28:35.034,0.7697,0.76993,1.00,1.00
2014.05.16 12:28:36.341,0.76971,0.76996,1.00,2.25
2014.05.16 12:28:38.539,0.7697,0.76996,1.00,2.25
2014.05.16 12:28:38.639,0.76972,0.76996,1.00,1.50
2014.05.16 12:28:39.164,0.76972,0.76995,1.00,1.00
2014.05.16 12:28:40.422,0.76973,0.76996,1.00,1.50
2014.05.16 12:28:41.639,0.76973,0.76997,1.00,1.50
2014.05.16 12:28:43.190,0.76973,0.76996,1.00,1.00
2014.05.16 12:28:45.378,0.76973,0.76997,1.00,1.00
2014.05.16 12:28:46.128,0.76976,0.76997,1.00,1.00
2014.05.16 12:28:46.698,0.76976,0.76998,1.00,1.50
2014.05.16 12:28:46.821,0.76972,0.76998,2.25,3.00
2014.05.16 12:28:48.108,0.76972,0.76995,1.00,1.00
2014.05.16 12:28:49.079,0.76972,0.76993,1.00,1.00
2014.05.16 12:28:58.584,0.76972,0.76995,1.00,1.00
2014.05.16 12:28:59.171,0.76972,0.76994,1.00,1.00
2014.05.16 12:29:01.730,0.76972,0.76996,1.00,1.00
2014.05.16 12:29:04.040,0.76972,0.76993,1.00,1.00
2014.05.16 12:29:06.618,0.76969,0.76993,1.00,1.00
2014.05.16 12:29:10.135,0.7697,0.76994,1.00,1.50
2014.05.16 12:29:12.353,0.76971,0.76994,1.00,1.00
2014.05.16 12:29:16.177,0.76971,0.76992,1.00,1.00
2014.05.16 12:29:17.068,0.76968,0.76992,1.00,1.00
2014.05.16 12:29:17.729,0.76968,0.76989,1.00,1.00
2014.05.16 12:29:17.790,0.76965,0.76989,1.00,1.00
2014.05.16 12:29:20.039,0.76968,0.76989,1.00,1.00
2014.05.16 12:29:20.089,0.76968,0.76992,1.00,1.00
2014.05.16 12:29:28.378,0.76966,0.76991,2.25,1.00
2014.05.16 12:29:28.428,0.76965,0.76988,1.00,2.25
2014.05.16 12:29:28.829,0.76959,0.76983,1.00,1.50
2014.05.16 12:29:29.488,0.76962,0.76983,1.00,1.00
2014.05.16 12:29:29.589,0.76962,0.76985,1.00,1.00
2014.05.16 12:29:30.148,0.76961,0.76984,1.00,1.00
2014.05.16 12:29:30.249,0.76957,0.76984,1.00,1.00
2014.05.16 12:29:30.504,0.76959,0.76984,1.00,1.00
2014.05.16 12:29:30.605,0.76962,0.76988,1.00,3.00
2014.05.16 12:29:31.142,0.76962,0.76984,1.00,1.00
2014.05.16 12:29:33.164,0.76959,0.76984,1.00,1.00
2014.05.16 12:29:35.427,0.76962,0.76988,1.00,1.00
2014.05.16 12:29:36.682,0.76963,0.76988,1.00,1.00
2014.05.16 12:29:40.538,0.76962,0.76988,1.50,1.00
2014.05.16 12:29:40.840,0.76962,0.76984,1.00,1.00
2014.05.16 12:29:41.257,0.76962,0.76989,1.00,1.00
2014.05.16 12:29:42.161,0.76964,0.76989,1.00,1.00
2014.05.16 12:29:42.837,0.76964,0.76984,1.00,1.00
2014.05.16 12:29:43.169,0.76964,0.76986,1.00,1.50
2014.05.16 12:29:43.270,0.76968,0.76989,1.00,2.25
2014.05.16 12:29:43.591,0.76967,0.76986,1.00,1.50
2014.05.16 12:29:43.943,0.76964,0.76987,1.00,1.50
2014.05.16 12:29:44.009,0.76964,0.76984,1.00,1.00
2014.05.16 12:29:45.181,0.76963,0.76984,1.00,1.00
2014.05.16 12:29:45.511,0.76961,0.76984,1.00,2.25
2014.05.16 12:29:45.712,0.76952,0.76983,1.00,1.00
2014.05.16 12:29:45.890,0.76952,0.76981,1.00,1.00
2014.05.16 12:29:46.451,0.76953,0.76983,1.00,1.50
2014.05.16 12:29:46.922,0.76951,0.76983,1.00,1.00
2014.05.16 12:29:47.441,0.76955,0.76983,1.00,1.00
2014.05.16 12:29:47.748,0.76958,0.76983,1.00,1.00
2014.05.16 12:29:48.051,0.76961,0.76983,1.00,1.00
2014.05.16 12:29:48.267,0.76956,0.76983,1.00,1.00
2014.05.16 12:29:49.637,0.76952,0.76983,1.00,1.00
2014.05.16 12:29:49.742,0.76947,0.76983,3.00,1.00
2014.05.16 12:29:50.214,0.76948,0.7698,1.00,1.00
2014.05.16 12:29:50.512,0.7695,0.76983,1.00,1.00
2014.05.16 12:29:50.618,0.76945,0.76979,1.00,1.00
2014.05.16 12:29:50.668,0.76945,0.76973,1.00,1.00
2014.05.16 12:29:50.958,0.76949,0.76981,1.00,1.00
2014.05.16 12:29:51.602,0.76946,0.76978,1.00,1.00
2014.05.16 12:29:52.012,0.76943,0.76975,1.00,1.00
2014.05.16 12:29:52.342,0.76947,0.76979,1.00,1.00
2014.05.16 12:29:52.442,0.76943,0.76977,1.00,1.00
2014.05.16 12:29:52.721,0.7694,0.76974,1.00,1.00
2014.05.16 12:29:53.028,0.76937,0.76969,1.00,1.00
2014.05.16 12:29:53.508,0.76943,0.76977,1.00,1.00
2014.05.16 12:29:53.648,0.76945,0.76984,1.00,1.00
2014.05.16 12:29:53.749,0.76946,0.7698,1.00,1.00
2014.05.16 12:29:54.426,0.76943,0.76976,1.00,1.00
2014.05.16 12:29:54.931,0.76945,0.76979,1.00,1.00
2014.05.16 12:29:55.136,0.76916,0.76984,1.50,1.00
2014.05.16 12:29:55.580,0.76916,0.76978,1.00,1.00
2014.05.16 12:29:55.632,0.76912,0.76978,1.00,1.00
2014.05.16 12:29:57.114,0.76912,0.76974,1.00,1.00
2014.05.16 12:29:57.367,0.76912,0.76978,1.00,1.50
2014.05.16 12:29:57.599,0.76912,0.76971,1.00,1.00
2014.05.16 12:29:58.495,0.76912,0.76967,1.00,1.00
2014.05.16 12:29:58.808,0.76912,0.76962,1.00,1.00
2014.05.16 12:29:58.906,0.76912,0.76978,1.00,1.00
2014.05.16 12:30:00.881,0.76911,0.76984,1.00,1.00
2014.05.16 12:30:00.982,0.76911,0.76979,1.00,0.75
2014.05.16 12:30:01.678,0.76923,0.77009,1.00,1.00
2014.05.16 12:30:01.980,0.76921,0.77009,1.00,1.00
2014.05.16 12:30:02.323,0.76941,0.77019,0.75,1.00
2014.05.16 12:30:02.425,0.76926,0.77014,0.75,1.00
2014.05.16 12:30:02.573,0.76931,0.77019,0.75,1.00
2014.05.16 12:30:02.877,0.76936,0.77019,1.00,1.00
2014.05.16 12:30:03.225,0.76931,0.77014,1.00,1.00
2014.05.16 12:30:03.572,0.76936,0.77014,1.00,1.00
2014.05.16 12:30:03.893,0.76942,0.77018,1.50,1.00
2014.05.16 12:30:04.292,0.76947,0.77017,1.00,0.75
2014.05.16 12:30:04.799,0.76946,0.77023,1.00,0.75
2014.05.16 12:30:05.215,0.76952,0.77024,1.00,0.75
2014.05.16 12:30:05.545,0.76965,0.77023,1.00,0.75
2014.05.16 12:30:05.626,0.76955,0.77019,1.00,0.75
2014.05.16 12:30:06.093,0.76957,0.77019,1.00,1.00
2014.05.16 12:30:06.143,0.76957,0.77025,1.00,1.00
2014.05.16 12:30:06.421,0.76952,0.77025,1.00,1.00
2014.05.16 12:30:06.640,0.76956,0.77025,1.00,1.00
2014.05.16 12:30:06.960,0.76958,0.77026,1.00,1.00
2014.05.16 12:30:07.583,0.76963,0.77025,1.00,1.00
2014.05.16 12:30:07.923,0.76961,0.77028,1.00,1.00
2014.05.16 12:30:07.973,0.76961,0.77023,1.00,1.00
2014.05.16 12:30:08.074,0.76962,0.77028,1.00,1.00
2014.05.16 12:30:08.181,0.76967,0.77026,1.00,1.00
2014.05.16 12:30:08.282,0.76967,0.77028,1.00,1.00
2014.05.16 12:30:08.592,0.76963,0.77028,1.00,1.00
2014.05.16 12:30:08.813,0.76963,0.77024,1.00,1.00
2014.05.16 12:30:09.119,0.76969,0.77023,1.50,1.00
2014.05.16 12:30:09.510,0.76969,0.77019,1.00,1.00
2014.05.16 12:30:09.835,0.76969,0.77023,1.00,1.00
2014.05.16 12:30:09.935,0.76969,0.7702,1.00,1.00
2014.05.16 12:30:09.986,0.76965,0.7702,1.00,1.00
2014.05.16 12:30:10.086,0.76969,0.77023,1.00,1.00
2014.05.16 12:30:10.488,0.76964,0.7702,1.50,1.00
2014.05.16 12:30:11.089,0.76964,0.7702,1.50,1.30
2014.05.16 12:30:11.482,0.76974,0.77022,1.00,1.30
2014.05.16 12:30:11.536,0.76974,0.77022,1.00,1.30
2014.05.16 12:30:11.636,0.7697,0.77024,1.00,1.36
2014.05.16 12:30:11.962,0.76975,0.76999,1.00,1.00
2014.05.16 12:30:12.137,0.76971,0.76997,1.00,1.00
2014.05.16 12:30:12.288,0.76978,0.76997,1.00,1.00
2014.05.16 12:30:12.561,0.76976,0.76996,1.00,1.00
2014.05.16 12:30:12.661,0.76976,0.77,1.00,1.00
2014.05.16 12:30:12.712,0.76974,0.77,1.00,1.00
2014.05.16 12:30:12.812,0.76976,0.77,1.00,1.00
2014.05.16 12:30:13.131,0.76983,0.77002,1.00,1.00
2014.05.16 12:30:13.290,0.76978,0.77002,1.00,1.00
2014.05.16 12:30:13.566,0.76978,0.77004,1.00,1.00
2014.05.16 12:30:14.153,0.7698,0.77004,1.00,1.00
2014.05.16 12:30:14.487,0.76983,0.77005,1.00,1.50
2014.05.16 12:30:14.589,0.76979,0.77005,1.00,1.00
2014.05.16 12:30:15.113,0.76979,0.77003,1.00,1.00
2014.05.16 12:30:15.580,0.76979,0.77005,1.00,1.00
2014.05.16 12:30:15.734,0.76979,0.77003,1.00,1.00
2014.05.16 12:30:15.875,0.76974,0.77,1.00,1.00
2014.05.16 12:30:16.131,0.76976,0.77,1.00,1.00
2014.05.16 12:30:16.437,0.76978,0.77002,1.00,1.00
2014.05.16 12:30:16.762,0.76976,0.76999,1.50,1.00
2014.05.16 12:30:17.148,0.76976,0.76997,1.00,1.00
2014.05.16 12:30:17.731,0.76975,0.76997,1.00,1.00
2014.05.16 12:30:18.004,0.76975,0.76999,1.00,1.00
2014.05.16 12:30:18.511,0.76972,0.76996,1.00,1.00
2014.05.16 12:30:18.989,0.76973,0.76999,1.00,1.00
2014.05.16 12:30:19.060,0.76976,0.77002,1.00,1.00
2014.05.16 12:30:19.433,0.76978,0.77002,1.00,1.00
2014.05.16 12:30:19.640,0.76976,0.77002,1.00,1.00
2014.05.16 12:30:19.915,0.76976,0.76998,1.00,1.00
2014.05.16 12:30:20.242,0.76976,0.76994,1.00,1.00
2014.05.16 12:30:20.293,0.76973,0.76994,1.00,1.00
2014.05.16 12:30:20.393,0.76972,0.76996,1.00,1.00
2014.05.16 12:30:20.544,0.76969,0.76993,1.00,1.00
2014.05.16 12:30:20.605,0.76965,0.76991,1.00,1.00
2014.05.16 12:30:20.756,0.76965,0.76989,1.00,1.50
2014.05.16 12:30:21.105,0.76967,0.76989,1.00,1.00
2014.05.16 12:30:21.155,0.76967,0.76992,1.00,1.00
2014.05.16 12:30:21.629,0.76965,0.76991,1.00,1.00
2014.05.16 12:30:22.584,0.76965,0.76989,1.00,1.00
2014.05.16 12:30:23.132,0.76963,0.76987,1.00,1.00
2014.05.16 12:30:23.602,0.76965,0.76991,1.00,1.00
2014.05.16 12:30:23.703,0.76968,0.76992,1.00,1.00
2014.05.16 12:30:25.025,0.76968,0.76994,1.00,1.00
2014.05.16 12:30:25.591,0.76967,0.76991,1.00,1.00
2014.05.16 12:30:25.919,0.76969,0.76989,1.50,1.00
2014.05.16 12:30:25.990,0.76969,0.76991,1.50,1.00
2014.05.16 12:30:26.263,0.76971,0.76992,1.50,1.00
2014.05.16 12:30:26.324,0.76971,0.76995,2.25,2.25
2014.05.16 12:30:26.574,0.76975,0.76995,1.50,1.00
2014.05.16 12:30:26.912,0.76975,0.76998,1.50,1.00
2014.05.16 12:30:27.900,0.76977,0.76998,1.50,1.00
2014.05.16 12:30:28.448,0.76978,0.77,1.50,1.00
2014.05.16 12:30:28.549,0.76978,0.77002,1.50,1.50
2014.05.16 12:30:28.599,0.76983,0.77002,1.50,1.50
2014.05.16 12:30:28.778,0.76983,0.77004,1.50,1.00
2014.05.16 12:30:29.369,0.76982,0.77004,1.00,1.00
2014.05.16 12:30:29.469,0.76985,0.77004,1.50,1.00
2014.05.16 12:30:30.127,0.7698,0.77004,1.50,1.00
2014.05.16 12:30:30.178,0.7698,0.77,1.50,1.00
2014.05.16 12:30:30.923,0.76985,0.77,1.50,1.00
2014.05.16 12:30:30.974,0.76985,0.77003,1.50,1.00
2014.05.16 12:30:31.300,0.76985,0.77001,2.25,1.00
2014.05.16 12:30:31.351,0.76982,0.77001,1.50,1.00
2014.05.16 12:30:31.942,0.76982,0.77002,1.50,1.00
2014.05.16 12:30:32.094,0.7698,0.77002,1.50,1.00
2014.05.16 12:30:32.716,0.76979,0.77001,1.50,1.00
2014.05.16 12:30:32.962,0.76977,0.77001,1.00,1.00
2014.05.16 12:30:33.030,0.76975,0.76999,2.25,1.00
2014.05.16 12:30:33.142,0.76976,0.77002,1.00,1.00
2014.05.16 12:30:33.363,0.76976,0.77,2.25,1.00
2014.05.16 12:30:34.149,0.76973,0.76999,1.00,1.00
2014.05.16 12:30:34.752,0.76974,0.76999,1.00,1.00
2014.05.16 12:30:34.803,0.76976,0.77002,1.00,1.00
2014.05.16 12:30:35.758,0.76978,0.77002,1.00,1.00
2014.05.16 12:30:36.105,0.76984,0.77004,1.00,1.00
2014.05.16 12:30:36.156,0.76984,0.77007,1.00,1.00
2014.05.16 12:30:36.681,0.76984,0.77008,1.00,1.00
2014.05.16 12:30:37.301,0.76983,0.77008,1.00,1.00
2014.05.16 12:30:37.909,0.76984,0.77008,1.50,1.00
2014.05.16 12:30:38.863,0.76984,0.77009,1.00,1.00
2014.05.16 12:30:42.153,0.76986,0.7701,1.00,1.00
2014.05.16 12:30:42.492,0.76983,0.77009,1.00,1.00
2014.05.16 12:30:44.008,0.76984,0.77007,1.00,1.00
2014.05.16 12:30:44.674,0.76984,0.77008,1.00,1.00
2014.05.16 12:30:44.978,0.76982,0.77006,1.00,1.50
2014.05.16 12:30:46.044,0.76981,0.77005,2.25,1.00
2014.05.16 12:30:47.237,0.76981,0.77003,1.00,1.00
2014.05.16 12:30:47.797,0.76981,0.77004,1.00,1.00
2014.05.16 12:30:48.137,0.76986,0.77005,1.00,1.00
2014.05.16 12:30:48.581,0.76986,0.77008,1.00,1.00
2014.05.16 12:30:48.883,0.76991,0.77009,1.00,1.50
2014.05.16 12:30:48.984,0.76987,0.77009,1.00,1.00
2014.05.16 12:30:49.080,0.76992,0.77009,1.00,1.00
2014.05.16 12:30:49.892,0.76986,0.77009,1.00,1.50
2014.05.16 12:30:50.995,0.76988,0.7701,1.00,1.00
2014.05.16 12:30:51.269,0.76988,0.77012,1.00,1.50
2014.05.16 12:30:51.530,0.76991,0.77012,1.00,1.50
2014.05.16 12:30:52.099,0.76992,0.77011,1.00,1.00
2014.05.16 12:30:52.410,0.76988,0.77011,2.25,1.00
2014.05.16 12:30:52.519,0.76992,0.77011,1.00,1.00
2014.05.16 12:30:53.097,0.76992,0.77012,1.00,1.50
2014.05.16 12:30:53.180,0.76988,0.77012,2.25,1.50
2014.05.16 12:30:53.804,0.76988,0.77011,1.00,1.00
2014.05.16 12:30:54.512,0.76986,0.7701,3.00,1.00
2014.05.16 12:30:54.928,0.76987,0.77008,1.00,1.00
2014.05.16 12:30:55.250,0.76984,0.77007,1.00,1.00
2014.05.16 12:30:55.714,0.76982,0.77006,1.50,1.50
2014.05.16 12:30:57.129,0.76982,0.77004,1.50,1.00
2014.05.16 12:30:57.441,0.76986,0.77004,1.00,1.00
2014.05.16 12:30:57.712,0.76982,0.77004,1.00,1.00
2014.05.16 12:30:57.812,0.76981,0.77002,1.00,1.00
2014.05.16 12:30:58.238,0.76978,0.77002,1.00,1.00
2014.05.16 12:30:58.788,0.76982,0.77002,1.00,1.00
2014.05.16 12:30:58.873,0.76982,0.77005,1.00,1.50
2014.05.16 12:30:58.985,0.76983,0.77007,1.00,1.00
2014.05.16 12:30:59.155,0.76992,0.77007,1.00,1.00
2014.05.16 12:30:59.206,0.76992,0.77011,1.00,1.50
2014.05.16 12:30:59.619,0.76986,0.7701,1.00,1.00
2014.05.16 12:30:59.980,0.76989,0.7701,1.00,1.50
2014.05.16 12:31:00.324,0.76993,0.77014,1.00,1.00
2014.05.16 12:31:00.652,0.77002,0.77015,1.00,1.00
2014.05.16 12:31:00.753,0.77002,0.77022,1.00,1.00
2014.05.16 12:31:00.853,0.76997,0.7702,2.25,1.00
2014.05.16 12:31:01.004,0.76994,0.7702,1.00,1.50
2014.05.16 12:31:01.105,0.76994,0.77018,1.00,1.00
2014.05.16 12:31:01.418,0.76992,0.77016,1.00,1.00
2014.05.16 12:31:01.968,0.76991,0.77015,1.00,1.00
2014.05.16 12:31:02.296,0.76987,0.77009,1.00,1.00
2014.05.16 12:31:02.848,0.76986,0.77009,1.00,1.00
2014.05.16 12:31:04.230,0.76986,0.7701,1.50,1.00
2014.05.16 12:31:04.707,0.76988,0.77012,1.00,1.50
2014.05.16 12:31:04.813,0.76986,0.77011,1.00,1.00
2014.05.16 12:31:04.921,0.76988,0.77012,1.00,1.50
2014.05.16 12:31:05.800,0.76986,0.7701,1.50,1.00
2014.05.16 12:31:06.317,0.76986,0.77009,1.00,1.00
2014.05.16 12:31:07.488,0.76984,0.77009,1.00,1.00
2014.05.16 12:31:12.402,0.76982,0.77008,1.00,1.00
2014.05.16 12:31:12.850,0.76981,0.77005,1.00,1.00
2014.05.16 12:31:13.000,0.76978,0.77003,1.00,1.00
2014.05.16 12:31:13.287,0.76977,0.77001,1.00,1.00
2014.05.16 12:31:13.601,0.76974,0.76994,1.50,1.00
2014.05.16 12:31:13.651,0.7697,0.76994,2.25,1.00
2014.05.16 12:31:13.831,0.7697,0.76992,1.50,1.00
2014.05.16 12:31:13.881,0.76968,0.76992,1.00,1.00
2014.05.16 12:31:13.982,0.76966,0.76989,1.00,1.00
2014.05.16 12:31:14.367,0.76964,0.76988,1.50,1.00
2014.05.16 12:31:15.199,0.76962,0.76988,1.50,1.50
2014.05.16 12:31:15.359,0.76962,0.76983,1.00,1.00
2014.05.16 12:31:15.409,0.7696,0.76983,2.25,1.00
2014.05.16 12:31:15.748,0.76958,0.76983,1.00,1.00
2014.05.16 12:31:16.143,0.76961,0.76983,1.00,1.00
2014.05.16 12:31:16.829,0.7696,0.76983,1.00,1.00
2014.05.16 12:31:17.241,0.76962,0.76983,1.00,1.00
2014.05.16 12:31:17.576,0.7696,0.76983,1.00,1.00
2014.05.16 12:31:18.813,0.76958,0.76982,1.00,1.00
2014.05.16 12:31:19.026,0.76957,0.76978,1.00,1.00
2014.05.16 12:31:19.076,0.76954,0.76978,1.00,1.50
2014.05.16 12:31:19.381,0.76956,0.76977,1.00,1.00
2014.05.16 12:31:19.689,0.76952,0.76976,1.00,1.00
2014.05.16 12:31:19.790,0.76951,0.76974,1.00,1.00
2014.05.16 12:31:19.941,0.76947,0.76971,1.00,1.00
2014.05.16 12:31:20.102,0.76946,0.76969,1.00,1.00
2014.05.16 12:31:20.152,0.76943,0.76968,1.00,1.00
2014.05.16 12:31:20.653,0.76943,0.76967,1.50,1.00
2014.05.16 12:31:20.704,0.76945,0.76967,1.50,1.00
2014.05.16 12:31:21.118,0.76947,0.76968,1.00,1.00
2014.05.16 12:31:22.520,0.76947,0.76969,1.00,1.00
2014.05.16 12:31:23.108,0.76956,0.76971,1.00,1.00
2014.05.16 12:31:23.159,0.76956,0.76973,1.00,1.00
2014.05.16 12:31:23.215,0.76951,0.76974,1.00,1.50
2014.05.16 12:31:23.419,0.76948,0.76972,2.25,1.00
2014.05.16 12:31:24.093,0.76947,0.76972,1.00,1.00
2014.05.16 12:31:25.227,0.76948,0.76972,1.50,1.00
2014.05.16 12:31:25.762,0.76948,0.76973,1.00,1.00
2014.05.16 12:31:26.402,0.76947,0.76972,1.00,1.00
2014.05.16 12:31:26.915,0.76948,0.76973,1.00,2.25
2014.05.16 12:31:27.170,0.76951,0.76973,1.00,1.50
2014.05.16 12:31:27.724,0.76951,0.76974,1.00,1.00
2014.05.16 12:31:28.184,0.76948,0.76974,1.00,1.50
2014.05.16 12:31:30.147,0.76952,0.76974,1.00,1.00
2014.05.16 12:31:30.248,0.76952,0.76977,1.00,1.50
2014.05.16 12:31:30.359,0.76951,0.76974,1.00,1.00
2014.05.16 12:31:31.053,0.76948,0.76972,1.00,1.00
2014.05.16 12:31:35.207,0.76946,0.76972,1.50,1.00
2014.05.16 12:31:35.332,0.76945,0.76969,1.00,1.00
2014.05.16 12:31:35.640,0.76942,0.76964,1.00,1.00
2014.05.16 12:31:36.160,0.76942,0.76963,1.50,1.00
2014.05.16 12:31:36.324,0.7694,0.76964,2.25,1.50
2014.05.16 12:31:36.425,0.76942,0.76964,1.00,1.00
2014.05.16 12:31:36.754,0.76943,0.76959,1.00,1.00
2014.05.16 12:31:36.858,0.76943,0.76963,1.00,1.50
2014.05.16 12:31:37.487,0.76943,0.76967,1.00,2.25
2014.05.16 12:31:38.015,0.76942,0.76966,1.00,1.00
2014.05.16 12:31:38.167,0.76942,0.76964,1.00,1.00
2014.05.16 12:31:38.498,0.76947,0.76964,1.00,1.00
2014.05.16 12:31:38.649,0.76942,0.76964,1.00,1.00
2014.05.16 12:31:38.750,0.76947,0.76964,1.00,1.00
2014.05.16 12:31:38.827,0.76941,0.76964,2.25,1.00
2014.05.16 12:31:39.361,0.76941,0.76962,1.00,1.00
2014.05.16 12:31:39.464,0.76941,0.76965,1.00,1.00
2014.05.16 12:31:39.819,0.76946,0.76965,1.00,1.00
2014.05.16 12:31:40.394,0.76941,0.76965,2.25,1.00
2014.05.16 12:31:41.127,0.76941,0.76963,1.00,1.00
2014.05.16 12:31:41.379,0.76935,0.76959,1.00,1.00
2014.05.16 12:31:41.442,0.76936,0.76962,1.00,1.00
2014.05.16 12:31:41.771,0.76935,0.76959,1.00,1.00
2014.05.16 12:31:42.348,0.76936,0.76959,1.00,1.00
2014.05.16 12:31:42.693,0.76936,0.76957,1.00,1.00
2014.05.16 12:31:42.855,0.76933,0.76957,1.00,1.00
2014.05.16 12:31:44.534,0.76932,0.76954,1.00,1.00
2014.05.16 12:31:44.807,0.7693,0.76954,1.00,1.00
2014.05.16 12:31:44.920,0.76928,0.76954,1.00,1.00
2014.05.16 12:31:45.173,0.76932,0.76954,1.00,1.00
2014.05.16 12:31:45.224,0.76932,0.76956,1.00,1.00
2014.05.16 12:31:45.721,0.76932,0.76956,1.00,1.38
2014.05.16 12:31:45.973,0.76926,0.76949,1.00,1.00
2014.05.16 12:31:46.225,0.76927,0.76953,1.00,3.00
2014.05.16 12:31:47.756,0.76927,0.76952,1.00,1.00
2014.05.16 12:31:48.406,0.76926,0.76951,1.00,1.00
2014.05.16 12:31:48.507,0.76924,0.7695,1.00,1.00
2014.05.16 12:31:49.059,0.76923,0.76949,1.00,1.00
2014.05.16 12:31:49.111,0.76925,0.76949,1.50,1.00
2014.05.16 12:31:49.884,0.76924,0.7695,1.00,1.50
2014.05.16 12:31:50.660,0.76927,0.7695,1.00,1.50
2014.05.16 12:31:50.834,0.76927,0.76953,3.00,1.50
2014.05.16 12:31:50.884,0.76931,0.76953,1.00,1.00
2014.05.16 12:31:51.035,0.76932,0.76956,1.00,1.00
2014.05.16 12:31:51.091,0.76932,0.76958,1.00,1.00
2014.05.16 12:31:51.242,0.76931,0.76955,1.50,1.00
2014.05.16 12:31:51.597,0.76933,0.76955,1.50,1.00
2014.05.16 12:31:51.965,0.76935,0.76955,1.50,1.00
2014.05.16 12:31:52.157,0.76933,0.76958,1.50,1.00
2014.05.16 12:31:52.328,0.76933,0.76955,1.50,1.00
2014.05.16 12:31:52.379,0.76931,0.76955,1.50,1.00
2014.05.16 12:31:53.149,0.76931,0.76954,1.00,1.00
2014.05.16 12:31:53.418,0.76931,0.76957,1.50,1.00
2014.05.16 12:31:55.816,0.76937,0.76957,1.00,1.00
2014.05.16 12:31:56.159,0.76933,0.76957,1.00,1.13
2014.05.16 12:31:56.366,0.7693,0.76956,1.00,1.00
2014.05.16 12:31:56.517,0.76929,0.76953,1.00,1.00
2014.05.16 12:31:56.859,0.76932,0.76953,1.00,1.00
2014.05.16 12:31:57.377,0.76932,0.76954,1.00,1.00
2014.05.16 12:31:57.525,0.76932,0.76956,1.00,2.25
2014.05.16 12:31:58.099,0.76932,0.76955,1.00,1.00
2014.05.16 12:32:02.230,0.76932,0.76953,1.00,1.00
2014.05.16 12:32:02.644,0.76928,0.76952,1.00,1.00
2014.05.16 12:32:03.196,0.76927,0.76951,1.00,1.00
2014.05.16 12:32:04.131,0.76926,0.7695,1.00,1.00
2014.05.16 12:32:04.551,0.76926,0.76952,1.50,1.00
2014.05.16 12:32:05.208,0.76926,0.7695,1.50,1.00
2014.05.16 12:32:06.212,0.76932,0.7695,1.00,1.00
2014.05.16 12:32:07.960,0.76932,0.76952,1.00,1.00
2014.05.16 12:32:08.011,0.76927,0.76952,1.00,1.00
2014.05.16 12:32:12.474,0.76927,0.76948,1.00,1.00
2014.05.16 12:32:12.801,0.76927,0.76946,1.00,1.00
2014.05.16 12:32:12.909,0.76927,0.7695,1.00,1.00
2014.05.16 12:32:15.328,0.76927,0.76951,1.50,2.25
2014.05.16 12:32:16.218,0.76931,0.76951,1.00,1.50
2014.05.16 12:32:17.320,0.76927,0.76951,1.50,1.50
2014.05.16 12:32:18.947,0.76927,0.76952,1.50,1.00
2014.05.16 12:32:19.453,0.76931,0.76951,1.00,1.00
2014.05.16 12:32:19.503,0.76931,0.76953,1.00,1.50
2014.05.16 12:32:23.644,0.76936,0.76953,1.00,1.00
2014.05.16 12:32:23.748,0.76932,0.76953,1.00,1.00
2014.05.16 12:32:27.117,0.76937,0.76953,1.00,1.00
2014.05.16 12:32:27.909,0.76936,0.76956,1.00,1.00
2014.05.16 12:32:27.960,0.76936,0.76959,1.00,1.00
2014.05.16 12:32:28.644,0.76936,0.76957,1.00,1.00
2014.05.16 12:32:29.304,0.76936,0.76955,1.00,1.00
2014.05.16 12:32:29.865,0.76936,0.76954,1.00,1.00
2014.05.16 12:32:30.207,0.76942,0.76954,1.00,1.00
2014.05.16 12:32:30.968,0.76937,0.76954,1.00,1.00
2014.05.16 12:32:31.514,0.76937,0.76955,1.00,1.00
2014.05.16 12:32:31.684,0.76937,0.76957,1.00,1.50
2014.05.16 12:32:34.319,0.76942,0.76957,1.00,1.00
2014.05.16 12:32:34.864,0.76942,0.76958,1.00,1.00
2014.05.16 12:32:35.860,0.76942,0.76956,1.00,1.00
2014.05.16 12:32:36.639,0.76937,0.76956,1.00,1.00
2014.05.16 12:32:36.740,0.76937,0.76954,1.00,1.00
2014.05.16 12:32:36.848,0.76932,0.76954,1.00,1.00
2014.05.16 12:32:37.067,0.76936,0.76954,1.00,1.00
2014.05.16 12:32:37.396,0.76932,0.76954,1.00,1.00
2014.05.16 12:32:37.509,0.76932,0.76956,1.00,1.00
2014.05.16 12:32:37.622,0.76936,0.76956,1.00,1.00
2014.05.16 12:32:37.672,0.76936,0.76958,1.00,2.25
2014.05.16 12:32:37.996,0.76936,0.76961,1.00,2.25
2014.05.16 12:32:38.204,0.76938,0.76962,1.00,1.50
2014.05.16 12:32:38.544,0.76941,0.76962,1.00,1.00
2014.05.16 12:32:39.104,0.76941,0.76963,1.00,1.00
2014.05.16 12:32:39.305,0.76941,0.76965,1.50,1.50
2014.05.16 12:32:39.378,0.76947,0.76965,1.00,1.50
2014.05.16 12:32:39.719,0.76947,0.76968,1.00,1.50
2014.05.16 12:32:41.136,0.7695,0.76968,1.50,1.50
2014.05.16 12:32:41.748,0.76949,0.76968,1.50,1.50
2014.05.16 12:32:42.306,0.76948,0.76968,1.50,1.00
2014.05.16 12:32:42.507,0.76948,0.76972,1.50,1.00
2014.05.16 12:32:42.608,0.76948,0.76969,1.50,1.00
2014.05.16 12:32:42.658,0.76946,0.76969,1.50,1.00
2014.05.16 12:32:43.192,0.76946,0.76972,1.50,1.00
2014.05.16 12:32:43.244,0.7695,0.76972,1.50,1.00
2014.05.16 12:32:43.556,0.76952,0.76972,1.00,1.00
2014.05.16 12:32:44.057,0.76951,0.76972,1.50,1.00
2014.05.16 12:32:44.416,0.76947,0.76972,1.50,1.00
2014.05.16 12:32:44.666,0.76946,0.76969,1.50,1.00
2014.05.16 12:32:45.802,0.76946,0.76968,1.00,1.00
2014.05.16 12:32:46.368,0.76946,0.76969,1.00,1.00
2014.05.16 12:32:46.696,0.76951,0.7697,1.00,1.00
2014.05.16 12:32:47.840,0.76947,0.76968,1.00,1.00
2014.05.16 12:32:47.992,0.76947,0.76966,1.00,1.00
2014.05.16 12:32:48.193,0.76942,0.76965,1.00,1.00
2014.05.16 12:32:48.510,0.76942,0.76963,1.00,1.00
2014.05.16 12:32:48.817,0.76939,0.76963,1.00,1.50
2014.05.16 12:32:49.256,0.76941,0.76963,1.00,1.00
2014.05.16 12:32:49.748,0.76941,0.76965,1.00,1.50
2014.05.16 12:32:49.849,0.76944,0.76967,1.00,1.00
2014.05.16 12:32:50.201,0.76946,0.76968,1.00,1.00
2014.05.16 12:32:50.301,0.76947,0.76972,1.00,3.00
2014.05.16 12:32:50.830,0.76951,0.76969,1.00,1.00
2014.05.16 12:32:50.935,0.76951,0.76971,1.00,1.00
2014.05.16 12:32:51.039,0.76951,0.76973,1.00,1.00
2014.05.16 12:32:51.139,0.76949,0.76973,1.00,1.00
2014.05.16 12:32:51.190,0.76947,0.76971,1.00,1.00
2014.05.16 12:32:52.886,0.76952,0.76971,1.00,1.00
2014.05.16 12:32:53.470,0.76947,0.76971,1.00,1.00
2014.05.16 12:32:53.683,0.76951,0.76971,1.00,1.00
2014.05.16 12:32:54.118,0.76951,0.76974,1.00,1.00
2014.05.16 12:32:55.157,0.76948,0.76973,1.00,1.00
2014.05.16 12:32:55.228,0.76952,0.76974,1.00,1.00
2014.05.16 12:32:56.323,0.76952,0.76972,1.00,1.00
2014.05.16 12:32:56.806,0.76952,0.76975,1.00,2.25
2014.05.16 12:32:56.919,0.76956,0.76975,1.00,3.00
2014.05.16 12:32:57.095,0.76952,0.76975,1.00,2.25
2014.05.16 12:32:57.599,0.76952,0.76976,1.00,1.00
2014.05.16 12:32:58.252,0.76952,0.76975,1.00,1.00
2014.05.16 12:33:00.282,0.76954,0.76975,1.00,1.00
2014.05.16 12:33:00.589,0.76957,0.76976,1.00,1.00
2014.05.16 12:33:00.640,0.76957,0.76978,1.00,1.00
2014.05.16 12:33:00.837,0.76962,0.76978,1.00,1.00
2014.05.16 12:33:01.160,0.76962,0.76981,1.00,1.00
2014.05.16 12:33:01.211,0.76957,0.76981,1.00,1.00
2014.05.16 12:33:01.312,0.76957,0.76979,1.00,1.00
2014.05.16 12:33:01.651,0.76967,0.76981,1.00,1.00
2014.05.16 12:33:01.855,0.76962,0.76981,1.00,2.25
2014.05.16 12:33:02.286,0.76962,0.76979,1.00,1.00
2014.05.16 12:33:02.814,0.76962,0.76981,1.00,1.00
2014.05.16 12:33:05.241,0.76967,0.76984,1.00,1.50
2014.05.16 12:33:05.890,0.76967,0.76988,1.00,2.25
2014.05.16 12:33:06.538,0.76962,0.76988,1.00,1.00
2014.05.16 12:33:06.589,0.76961,0.76984,3.00,1.00
2014.05.16 12:33:06.896,0.76962,0.76982,1.00,1.00
2014.05.16 12:33:07.576,0.76962,0.76983,1.00,1.00
2014.05.16 12:33:07.727,0.76964,0.76986,1.50,1.50
2014.05.16 12:33:07.930,0.76962,0.76986,3.00,1.00
2014.05.16 12:33:08.188,0.76962,0.76984,1.00,1.00
2014.05.16 12:33:08.748,0.76961,0.76984,1.00,1.50
2014.05.16 12:33:09.207,0.76967,0.76984,1.00,1.00
2014.05.16 12:33:09.778,0.76967,0.76987,1.00,1.00
2014.05.16 12:33:10.496,0.76967,0.76988,2.25,1.00
2014.05.16 12:33:10.597,0.76967,0.76991,2.25,1.00
2014.05.16 12:33:10.938,0.76965,0.76988,2.25,1.00
2014.05.16 12:33:11.259,0.76967,0.76987,1.00,1.00
2014.05.16 12:33:11.336,0.76963,0.76987,2.25,1.00
2014.05.16 12:33:11.537,0.76961,0.76985,1.00,1.00
2014.05.16 12:33:12.056,0.76961,0.76986,1.00,1.00
2014.05.16 12:33:12.200,0.76962,0.76988,1.00,1.00
2014.05.16 12:33:12.351,0.76967,0.76989,1.00,1.00
2014.05.16 12:33:12.748,0.76967,0.76991,1.00,1.00
2014.05.16 12:33:14.341,0.76971,0.76991,1.00,1.00
2014.05.16 12:33:14.508,0.76971,0.76994,1.00,1.00
2014.05.16 12:33:15.044,0.76971,0.76997,3.00,2.25
2014.05.16 12:33:15.283,0.76971,0.76995,3.00,1.00
2014.05.16 12:33:15.602,0.76976,0.76996,1.00,1.00
2014.05.16 12:33:15.829,0.76976,0.76998,1.00,1.50
2014.05.16 12:33:17.096,0.76981,0.76998,1.00,1.00
2014.05.16 12:33:17.149,0.76981,0.77,1.00,1.00
2014.05.16 12:33:17.481,0.76981,0.77005,1.00,1.00
2014.05.16 12:33:17.649,0.76987,0.77005,1.00,1.00
2014.05.16 12:33:18.261,0.76987,0.77008,1.00,1.50
2014.05.16 12:33:18.793,0.76987,0.77009,1.00,1.00
2014.05.16 12:33:21.442,0.76987,0.77012,1.00,1.13
2014.05.16 12:33:21.543,0.76991,0.77012,1.00,1.00
2014.05.16 12:33:21.593,0.76992,0.77014,1.00,1.50
2014.05.16 12:33:21.644,0.76996,0.77014,1.00,1.50
2014.05.16 12:33:21.989,0.76996,0.77016,1.00,1.00
2014.05.16 12:33:23.026,0.76996,0.77015,1.00,1.00
2014.05.16 12:33:24.079,0.76996,0.77017,1.00,1.00
2014.05.16 12:33:28.888,0.76991,0.77017,3.00,1.00
2014.05.16 12:33:28.938,0.76991,0.77015,2.25,1.00
2014.05.16 12:33:29.331,0.76991,0.77013,1.50,1.00
2014.05.16 12:33:29.691,0.76991,0.77011,1.50,1.00
2014.05.16 12:33:30.485,0.76987,0.77011,1.00,1.00
2014.05.16 12:33:30.865,0.76985,0.77008,1.00,1.00
2014.05.16 12:33:31.016,0.76986,0.7701,1.00,1.00
2014.05.16 12:33:32.075,0.76992,0.7701,1.00,1.00
2014.05.16 12:33:32.699,0.76992,0.77005,1.00,1.00
2014.05.16 12:33:32.849,0.76986,0.77005,1.00,1.00
2014.05.16 12:33:33.492,0.76986,0.77004,1.00,1.00
2014.05.16 12:33:33.761,0.76986,0.77007,1.00,1.00
2014.05.16 12:33:34.605,0.76983,0.77003,1.00,1.00
2014.05.16 12:33:34.857,0.76981,0.77004,1.00,2.25
2014.05.16 12:33:34.969,0.76981,0.77002,1.00,1.00
2014.05.16 12:33:35.924,0.76987,0.77002,1.00,1.00
2014.05.16 12:33:36.254,0.76981,0.77002,1.00,1.00
2014.05.16 12:33:36.518,0.76986,0.77002,1.00,1.00
2014.05.16 12:33:36.586,0.76982,0.77002,1.00,1.00
2014.05.16 12:33:39.258,0.76982,0.77004,1.00,1.50
2014.05.16 12:33:39.767,0.76981,0.77004,1.00,2.25
2014.05.16 12:33:41.899,0.76986,0.77004,1.00,1.50
2014.05.16 12:33:41.949,0.76986,0.77007,1.00,1.00
2014.05.16 12:33:42.056,0.76986,0.77009,1.00,1.00
2014.05.16 12:33:42.890,0.76986,0.77007,1.00,1.00
2014.05.16 12:33:43.333,0.76982,0.77003,1.00,1.00
2014.05.16 12:33:44.799,0.76979,0.77004,2.25,1.00
2014.05.16 12:33:45.001,0.76977,0.76998,1.50,1.00
2014.05.16 12:33:45.513,0.76976,0.76998,1.00,1.00
2014.05.16 12:33:45.865,0.76981,0.76999,1.00,1.00
2014.05.16 12:33:46.040,0.76977,0.76999,1.50,1.00
2014.05.16 12:33:48.646,0.76982,0.76999,1.00,1.00
2014.05.16 12:33:49.491,0.76982,0.77001,1.00,1.00
2014.05.16 12:33:51.523,0.76982,0.77003,1.00,1.00
2014.05.16 12:33:51.837,0.76978,0.77003,1.50,1.50
2014.05.16 12:33:52.168,0.76981,0.77003,1.00,1.00
2014.05.16 12:33:52.693,0.76981,0.77002,1.00,1.00
2014.05.16 12:33:53.023,0.76981,0.77,1.00,1.00
2014.05.16 12:33:53.367,0.76977,0.77,1.00,1.00
2014.05.16 12:33:54.014,0.76977,0.77001,1.50,1.00
2014.05.16 12:33:54.623,0.76978,0.77001,1.50,1.00
2014.05.16 12:33:55.704,0.76977,0.77001,1.00,1.00
2014.05.16 12:33:56.274,0.76977,0.77002,2.25,1.00
2014.05.16 12:33:56.985,0.76977,0.77003,3.00,1.50
2014.05.16 12:33:57.217,0.76981,0.77003,1.00,1.00
2014.05.16 12:33:57.368,0.76977,0.77003,2.25,1.00
2014.05.16 12:33:57.750,0.76977,0.77001,2.25,1.00
2014.05.16 12:33:58.211,0.76977,0.76999,1.50,1.00
2014.05.16 12:33:58.587,0.76976,0.76997,1.00,1.00
2014.05.16 12:33:59.209,0.76973,0.76997,1.50,1.00
2014.05.16 12:33:59.310,0.76976,0.76997,1.00,1.00
2014.05.16 12:33:59.418,0.76972,0.76997,1.00,1.00
2014.05.16 12:33:59.518,0.76972,0.76994,2.25,1.00
2014.05.16 12:34:00.058,0.76972,0.76993,1.00,1.00
2014.05.16 12:34:00.545,0.76976,0.76995,1.00,1.00
2014.05.16 12:34:01.063,0.76973,0.76996,1.00,1.00
2014.05.16 12:34:01.178,0.76976,0.76996,1.00,1.00
2014.05.16 12:34:02.467,0.76976,0.76995,1.00,1.00
2014.05.16 12:34:03.075,0.76976,0.76994,1.00,1.00
2014.05.16 12:34:03.200,0.76971,0.76994,1.00,1.00
2014.05.16 12:34:03.351,0.76976,0.76994,1.00,1.00
2014.05.16 12:34:03.900,0.76972,0.76994,1.00,1.00
2014.05.16 12:34:04.051,0.76972,0.76992,1.00,1.00
2014.05.16 12:34:04.383,0.76972,0.76989,1.00,1.00
2014.05.16 12:34:04.684,0.76976,0.7699,1.00,1.00
2014.05.16 12:34:05.284,0.76972,0.7699,1.00,1.00
2014.05.16 12:34:06.026,0.76972,0.76991,1.00,1.00
2014.05.16 12:34:06.401,0.76977,0.76991,1.00,1.00
2014.05.16 12:34:06.866,0.76977,0.76993,1.00,1.00
2014.05.16 12:34:06.967,0.76977,0.76995,1.00,1.00
2014.05.16 12:34:08.254,0.76971,0.76995,1.50,1.00
2014.05.16 12:34:08.737,0.76977,0.76994,1.00,1.00
2014.05.16 12:34:08.805,0.76972,0.76994,1.00,1.00
2014.05.16 12:34:09.137,0.76977,0.76994,1.00,1.00
2014.05.16 12:34:09.677,0.76977,0.76995,1.00,1.00
2014.05.16 12:34:10.228,0.76977,0.76996,1.00,1.00
2014.05.16 12:34:10.558,0.76982,0.77001,1.00,1.00
2014.05.16 12:34:11.132,0.76982,0.77002,1.00,1.00
2014.05.16 12:34:11.930,0.76982,0.77003,1.00,1.00
2014.05.16 12:34:12.232,0.76986,0.77005,1.00,1.00
2014.05.16 12:34:12.821,0.76986,0.77006,1.00,1.00
2014.05.16 12:34:13.363,0.76986,0.77004,1.00,1.00
2014.05.16 12:34:13.413,0.76981,0.77004,1.00,1.00
2014.05.16 12:34:14.678,0.76981,0.77001,1.00,1.00
2014.05.16 12:34:16.795,0.76981,0.77004,1.00,1.00
2014.05.16 12:34:18.643,0.76979,0.77003,1.50,1.00
2014.05.16 12:34:19.101,0.76982,0.77005,1.00,1.00
2014.05.16 12:34:19.308,0.76982,0.77007,1.00,1.00
2014.05.16 12:34:19.359,0.76984,0.77007,1.50,1.00
2014.05.16 12:34:19.685,0.76982,0.77007,1.00,1.00
2014.05.16 12:34:19.787,0.76982,0.77005,1.00,1.00
2014.05.16 12:34:20.427,0.76981,0.77004,2.25,1.00
2014.05.16 12:34:21.321,0.76981,0.77003,1.00,1.00
2014.05.16 12:34:21.665,0.76977,0.76997,1.50,1.00
2014.05.16 12:34:24.509,0.76982,0.76998,1.00,1.00
2014.05.16 12:34:24.961,0.76982,0.77003,1.00,1.00
2014.05.16 12:34:25.508,0.76986,0.77003,1.00,1.00
2014.05.16 12:34:25.709,0.76982,0.77003,1.00,1.00
2014.05.16 12:34:26.139,0.76982,0.77,1.00,1.00
2014.05.16 12:34:26.665,0.76982,0.76999,1.00,1.00
2014.05.16 12:34:28.679,0.76982,0.77001,1.00,1.00
2014.05.16 12:34:28.880,0.76982,0.77003,1.00,1.00
2014.05.16 12:34:29.914,0.76986,0.77003,1.00,1.00
2014.05.16 12:34:30.908,0.76981,0.77003,2.25,1.00
2014.05.16 12:34:32.823,0.76986,0.77003,1.00,1.00
2014.05.16 12:34:33.436,0.76982,0.77004,1.50,1.00
2014.05.16 12:34:34.040,0.76982,0.77003,1.50,1.00
2014.05.16 12:34:34.191,0.76981,0.77,1.00,1.00
2014.05.16 12:34:34.292,0.76981,0.77002,1.00,1.00
2014.05.16 12:34:34.589,0.76981,0.77,1.00,1.00
2014.05.16 12:34:34.971,0.76981,0.76998,1.00,1.00
2014.05.16 12:34:36.990,0.76981,0.76999,1.00,1.00
2014.05.16 12:34:38.002,0.76981,0.77001,1.00,1.50
2014.05.16 12:34:40.354,0.76987,0.77001,1.00,1.50
2014.05.16 12:34:40.466,0.76982,0.77001,1.00,1.50
2014.05.16 12:34:40.793,0.76982,0.77004,1.00,1.00
2014.05.16 12:34:41.407,0.76982,0.77003,1.00,1.00
2014.05.16 12:34:41.896,0.76982,0.77,1.00,1.00
2014.05.16 12:34:41.947,0.76976,0.77,1.00,1.00
2014.05.16 12:34:42.115,0.76976,0.76997,1.00,2.25
2014.05.16 12:34:42.508,0.76976,0.76995,1.00,2.25
2014.05.16 12:34:43.102,0.76972,0.76995,2.25,2.25
2014.05.16 12:34:43.602,0.76972,0.76993,2.25,1.00
2014.05.16 12:34:43.713,0.76973,0.76995,1.50,2.25
2014.05.16 12:34:43.853,0.76973,0.76993,1.50,2.25
2014.05.16 12:34:44.355,0.76972,0.76993,2.25,2.25
2014.05.16 12:34:44.867,0.76977,0.76994,1.00,3.00
2014.05.16 12:34:45.195,0.76971,0.76991,1.00,1.00
2014.05.16 12:34:45.834,0.76971,0.7699,1.00,2.25
2014.05.16 12:34:46.034,0.76971,0.76987,1.00,1.00
2014.05.16 12:34:46.965,0.76971,0.76984,1.00,2.25
2014.05.16 12:34:47.175,0.76967,0.76984,1.00,2.25
2014.05.16 12:34:47.643,0.76972,0.76984,1.00,2.25
2014.05.16 12:34:48.075,0.76972,0.76987,1.00,2.25
2014.05.16 12:34:48.338,0.76972,0.76985,1.00,1.00
2014.05.16 12:34:48.566,0.76967,0.76985,1.00,1.00
2014.05.16 12:34:50.339,0.76967,0.76987,1.00,3.00
2014.05.16 12:34:50.461,0.76967,0.76984,1.00,2.25
2014.05.16 12:34:51.156,0.76967,0.76985,1.00,2.25
2014.05.16 12:34:51.596,0.76967,0.76983,1.00,2.25
2014.05.16 12:34:52.876,0.76961,0.76983,2.25,2.25
2014.05.16 12:34:53.625,0.76961,0.76984,2.25,2.25
2014.05.16 12:34:54.129,0.76961,0.76983,1.00,1.00
2014.05.16 12:34:56.253,0.76967,0.76983,1.00,1.00
2014.05.16 12:35:00.681,0.76967,0.76984,1.00,1.50
2014.05.16 12:35:01.137,0.76971,0.76984,1.00,1.00
2014.05.16 12:35:01.187,0.76971,0.76988,1.00,1.00
2014.05.16 12:35:05.118,0.76967,0.76988,2.25,1.00
2014.05.16 12:35:05.219,0.76967,0.76986,1.00,1.00
2014.05.16 12:35:05.835,0.76967,0.76985,1.00,2.25
2014.05.16 12:35:07.967,0.76967,0.76984,1.00,1.00
2014.05.16 12:35:12.144,0.76962,0.76984,1.00,2.25
2014.05.16 12:35:12.364,0.76962,0.7698,1.00,1.00
2014.05.16 12:35:13.820,0.76957,0.7698,1.00,1.00
2014.05.16 12:35:14.343,0.76956,0.76979,1.00,1.00
2014.05.16 12:35:15.858,0.76956,0.7698,1.00,3.75
2014.05.16 12:35:16.352,0.76962,0.7698,1.00,3.00
2014.05.16 12:35:16.706,0.76962,0.76982,1.00,1.00
2014.05.16 12:35:19.820,0.76962,0.76983,1.00,3.75
2014.05.16 12:35:21.250,0.76962,0.76982,1.00,1.00
2014.05.16 12:35:21.877,0.76971,0.76983,1.00,3.00
2014.05.16 12:35:21.927,0.76971,0.76988,1.00,2.25
2014.05.16 12:35:22.128,0.76971,0.76994,1.00,1.50
2014.05.16 12:35:22.229,0.76976,0.76994,1.00,1.00
2014.05.16 12:35:23.559,0.76976,0.76995,1.00,3.00
2014.05.16 12:35:25.673,0.76976,0.76994,1.00,1.00
2014.05.16 12:35:25.727,0.76971,0.76994,1.00,1.50
2014.05.16 12:35:25.954,0.76977,0.76994,1.00,1.00
2014.05.16 12:35:26.719,0.76971,0.76994,1.00,1.50
2014.05.16 12:35:28.584,0.76977,0.76994,1.00,1.00
2014.05.16 12:35:31.146,0.76977,0.76993,1.00,3.00
2014.05.16 12:35:31.457,0.76977,0.76988,1.00,1.00
2014.05.16 12:35:31.586,0.76972,0.76988,1.00,1.00
2014.05.16 12:35:32.626,0.76972,0.76989,1.00,2.25
2014.05.16 12:35:34.488,0.76972,0.76988,1.00,2.25
2014.05.16 12:35:37.019,0.76967,0.76988,1.00,2.25
2014.05.16 12:35:37.120,0.76967,0.76986,1.00,1.00
2014.05.16 12:35:37.529,0.76967,0.76983,1.00,1.00
2014.05.16 12:35:37.854,0.76963,0.76983,1.50,1.00
2014.05.16 12:35:38.294,0.76966,0.76982,1.00,1.00
2014.05.16 12:35:38.360,0.76966,0.76984,1.00,1.00
2014.05.16 12:35:38.460,0.76966,0.76987,1.00,1.00
2014.05.16 12:35:38.617,0.76967,0.76991,1.00,1.00
2014.05.16 12:35:38.667,0.76971,0.76992,1.00,1.00
2014.05.16 12:35:39.070,0.76971,0.76995,1.00,1.00
2014.05.16 12:35:39.842,0.76971,0.76996,1.00,1.00
2014.05.16 12:35:43.479,0.76971,0.76997,1.50,1.50
2014.05.16 12:35:44.654,0.76971,0.76996,1.50,1.00
2014.05.16 12:35:44.805,0.76977,0.76997,1.00,1.50
2014.05.16 12:35:45.335,0.76972,0.76993,1.00,1.00
2014.05.16 12:35:46.894,0.76971,0.76993,1.00,1.00
2014.05.16 12:35:47.855,0.7697,0.76993,1.00,1.00
2014.05.16 12:35:53.369,0.76971,0.76993,1.00,1.00
2014.05.16 12:35:53.421,0.76972,0.76996,1.00,1.50
2014.05.16 12:35:53.607,0.76975,0.76998,1.00,1.50
2014.05.16 12:35:54.043,0.76978,0.76998,1.00,1.00
2014.05.16 12:35:54.268,0.76978,0.77001,1.00,1.00
2014.05.16 12:35:54.612,0.7698,0.77001,1.00,1.00
2014.05.16 12:35:56.449,0.76978,0.77001,2.25,1.00
2014.05.16 12:35:58.428,0.76978,0.77,1.50,1.00
2014.05.16 12:35:59.307,0.76978,0.77001,2.25,1.00
2014.05.16 12:36:00.203,0.76978,0.76999,2.25,1.00
2014.05.16 12:36:02.389,0.76976,0.76999,1.50,1.00
2014.05.16 12:36:02.635,0.76972,0.76998,1.00,1.00
2014.05.16 12:36:02.868,0.76974,0.76998,1.50,1.00
2014.05.16 12:36:03.433,0.76974,0.76997,1.50,1.00
2014.05.16 12:36:03.834,0.76974,0.76999,1.50,2.25
2014.05.16 12:36:04.127,0.76977,0.76998,1.00,1.00
2014.05.16 12:36:04.448,0.76978,0.77,1.50,1.00
2014.05.16 12:36:04.658,0.76981,0.77,1.00,1.00
2014.05.16 12:36:04.859,0.76982,0.77003,1.00,1.00
2014.05.16 12:36:05.082,0.76982,0.77005,1.00,1.00
2014.05.16 12:36:05.414,0.76986,0.77005,1.50,1.00
2014.05.16 12:36:06.886,0.76987,0.77005,1.00,1.00
2014.05.16 12:36:10.058,0.76987,0.77009,2.25,1.00
2014.05.16 12:36:10.109,0.76989,0.77009,1.00,1.00
2014.05.16 12:36:10.366,0.76991,0.77013,1.00,1.00
2014.05.16 12:36:11.167,0.76992,0.77013,1.00,1.00
2014.05.16 12:36:11.962,0.76991,0.77013,1.00,1.00
2014.05.16 12:36:13.631,0.76987,0.7701,1.00,1.00
2014.05.16 12:36:14.522,0.76987,0.77008,1.00,1.00
2014.05.16 12:36:14.577,0.76984,0.77008,1.00,1.00
2014.05.16 12:36:17.715,0.76985,0.77008,1.50,1.00
2014.05.16 12:36:17.767,0.76987,0.77008,1.00,1.00
2014.05.16 12:36:18.093,0.76989,0.77011,1.00,1.50
2014.05.16 12:36:18.490,0.76991,0.7701,2.25,1.00
2014.05.16 12:36:18.991,0.76992,0.7701,1.50,1.00
2014.05.16 12:36:20.901,0.7699,0.7701,1.00,1.00
2014.05.16 12:36:21.001,0.76988,0.77011,2.25,1.00
2014.05.16 12:36:21.407,0.76983,0.77006,1.50,1.00
2014.05.16 12:36:21.508,0.76981,0.77006,1.00,1.50
2014.05.16 12:36:21.659,0.76981,0.77003,1.00,1.00
2014.05.16 12:36:21.966,0.76981,0.76999,1.00,1.00
2014.05.16 12:36:22.094,0.76981,0.77001,1.00,1.00
2014.05.16 12:36:22.194,0.76978,0.77001,1.00,1.00
2014.05.16 12:36:22.345,0.76977,0.76997,1.00,1.00
2014.05.16 12:36:23.398,0.76973,0.76997,1.00,1.00
2014.05.16 12:36:23.499,0.76976,0.76996,1.00,1.00
2014.05.16 12:36:23.650,0.76977,0.76998,1.00,1.00
2014.05.16 12:36:23.751,0.76977,0.77002,1.00,1.00
2014.05.16 12:36:23.859,0.76981,0.77003,1.00,1.00
2014.05.16 12:36:24.428,0.76981,0.77004,1.00,1.00
2014.05.16 12:36:27.158,0.7698,0.77004,1.00,1.00
2014.05.16 12:36:30.830,0.76981,0.77004,1.50,1.00
2014.05.16 12:36:31.032,0.76983,0.77007,2.25,3.75
2014.05.16 12:36:31.212,0.76983,0.77004,1.00,1.00
2014.05.16 12:36:31.313,0.76981,0.77005,3.00,1.00
2014.05.16 12:36:31.414,0.76981,0.77003,2.25,1.00
2014.05.16 12:36:31.514,0.76979,0.77003,1.00,1.00
2014.05.16 12:36:32.411,0.76978,0.77003,1.00,1.50
2014.05.16 12:36:32.814,0.76977,0.77,2.25,1.00
2014.05.16 12:36:36.158,0.76977,0.76999,1.00,1.00
2014.05.16 12:36:36.312,0.76973,0.76997,1.00,1.00
2014.05.16 12:36:36.513,0.76972,0.76993,1.00,1.00
2014.05.16 12:36:36.704,0.7697,0.76993,1.50,1.50
2014.05.16 12:36:36.821,0.7697,0.76991,1.50,1.00
2014.05.16 12:36:36.963,0.76967,0.76991,1.50,1.00
2014.05.16 12:36:38.943,0.76967,0.7699,1.00,1.00
2014.05.16 12:36:39.011,0.76967,0.76987,1.00,1.00
2014.05.16 12:36:39.714,0.76967,0.76988,1.00,1.00
2014.05.16 12:36:40.593,0.76963,0.76987,2.25,1.00
2014.05.16 12:36:41.254,0.76966,0.76988,1.00,1.00
2014.05.16 12:36:41.875,0.76966,0.76989,1.00,1.50
2014.05.16 12:36:44.467,0.76966,0.76988,1.50,1.00
2014.05.16 12:36:44.715,0.76966,0.7699,1.50,1.00
2014.05.16 12:36:44.837,0.76968,0.76992,1.00,1.50
2014.05.16 12:36:45.139,0.76971,0.7699,1.00,1.00
2014.05.16 12:36:45.189,0.76971,0.76992,1.00,1.50
2014.05.16 12:36:45.747,0.76971,0.76993,1.00,1.50
2014.05.16 12:36:46.417,0.76971,0.76995,1.00,1.50
2014.05.16 12:36:46.754,0.76969,0.76993,1.00,1.00
2014.05.16 12:36:47.263,0.7697,0.76994,1.50,1.00
2014.05.16 12:36:47.789,0.76969,0.76994,2.25,1.00
2014.05.16 12:36:49.127,0.76968,0.76992,1.00,1.00
2014.05.16 12:36:49.392,0.76966,0.76992,1.50,1.00
2014.05.16 12:36:50.004,0.76966,0.76991,1.50,1.00
2014.05.16 12:36:50.386,0.76972,0.76992,1.00,1.50
2014.05.16 12:36:55.338,0.76967,0.76992,1.00,1.50
2014.05.16 12:36:55.439,0.76967,0.76988,1.00,1.00
2014.05.16 12:36:55.945,0.76967,0.76987,1.00,1.00
2014.05.16 12:36:56.093,0.76962,0.76987,1.00,1.00
2014.05.16 12:36:56.864,0.76962,0.76985,1.00,1.00
2014.05.16 12:36:57.318,0.76966,0.76985,1.00,1.00
2014.05.16 12:36:57.486,0.76966,0.76987,1.00,1.50
2014.05.16 12:37:06.622,0.76966,0.76981,1.00,1.00
2014.05.16 12:37:06.723,0.76962,0.76981,1.00,1.00
2014.05.16 12:37:08.098,0.76962,0.76983,1.00,1.50
2014.05.16 12:37:11.007,0.76966,0.76983,1.00,1.50
2014.05.16 12:37:11.122,0.76966,0.76985,1.00,1.50
2014.05.16 12:37:11.843,0.76966,0.76984,1.00,1.00
2014.05.16 12:37:12.072,0.76961,0.76984,1.50,1.00
2014.05.16 12:37:15.924,0.76966,0.76984,1.00,1.00
2014.05.16 12:37:16.464,0.76966,0.76985,1.00,1.00
2014.05.16 12:37:16.584,0.76962,0.76985,1.00,1.00
2014.05.16 12:37:17.436,0.76966,0.76985,1.00,1.00
2014.05.16 12:37:18.327,0.76966,0.76984,1.00,1.00
2014.05.16 12:37:18.428,0.76962,0.76984,1.00,1.00
2014.05.16 12:37:19.843,0.7696,0.76983,1.00,1.00
2014.05.16 12:37:19.994,0.76957,0.76982,1.00,1.00
2014.05.16 12:37:20.062,0.76962,0.76982,1.00,1.00
2014.05.16 12:37:20.501,0.76957,0.76982,1.00,1.00
2014.05.16 12:37:21.086,0.76958,0.76983,1.50,1.00
2014.05.16 12:37:22.157,0.76958,0.76979,1.50,1.00
2014.05.16 12:37:22.371,0.76957,0.76981,1.50,1.00
2014.05.16 12:37:25.561,0.76957,0.76979,1.00,1.00
2014.05.16 12:37:25.812,0.76954,0.76979,1.00,1.50
2014.05.16 12:37:26.027,0.76954,0.76976,1.00,1.00
2014.05.16 12:37:27.584,0.76952,0.76976,1.00,1.00
2014.05.16 12:37:28.316,0.76952,0.76974,1.00,1.00
2014.05.16 12:37:28.367,0.76949,0.76972,1.00,1.00
2014.05.16 12:37:28.468,0.76946,0.7697,2.25,1.00
2014.05.16 12:37:28.894,0.76947,0.76973,1.00,1.50
2014.05.16 12:37:29.000,0.76949,0.76973,1.00,1.00
2014.05.16 12:37:29.588,0.76951,0.76974,1.00,2.25
2014.05.16 12:37:30.328,0.76952,0.76975,1.00,1.00
2014.05.16 12:37:31.750,0.76953,0.76978,1.00,2.25
2014.05.16 12:37:32.302,0.76956,0.76978,1.00,1.00
2014.05.16 12:37:32.403,0.76956,0.7698,1.50,1.00
2014.05.16 12:37:32.970,0.76957,0.76981,1.00,1.00
2014.05.16 12:37:39.779,0.76956,0.7698,1.50,1.00
2014.05.16 12:37:40.989,0.76957,0.76981,1.00,1.00
2014.05.16 12:37:41.189,0.76961,0.76981,1.00,1.00
2014.05.16 12:37:41.290,0.76962,0.76985,1.00,1.00
2014.05.16 12:37:41.542,0.76962,0.76988,1.00,2.25
2014.05.16 12:37:43.961,0.76963,0.76988,1.00,1.00
2014.05.16 12:37:44.212,0.76965,0.76989,1.00,1.50
2014.05.16 12:37:45.019,0.76966,0.7699,1.00,1.00
2014.05.16 12:37:45.935,0.76968,0.7699,1.00,1.00
2014.05.16 12:37:48.844,0.76966,0.7699,1.50,2.25
2014.05.16 12:37:49.354,0.76966,0.76988,1.00,1.50
2014.05.16 12:37:50.735,0.76966,0.76987,1.00,1.50
2014.05.16 12:37:52.512,0.76964,0.76987,1.00,1.50
2014.05.16 12:37:52.674,0.76962,0.76986,1.50,1.00
2014.05.16 12:37:53.192,0.76962,0.76987,1.00,1.00
2014.05.16 12:37:54.159,0.76963,0.76987,1.00,1.00
2014.05.16 12:37:54.385,0.76967,0.76989,1.00,2.25
2014.05.16 12:37:54.621,0.76964,0.76988,1.00,1.00
2014.05.16 12:37:55.202,0.76963,0.76987,1.50,1.00
2014.05.16 12:37:56.055,0.76965,0.76988,1.00,2.25
2014.05.16 12:37:56.643,0.76965,0.76987,1.00,1.50
2014.05.16 12:37:56.937,0.76963,0.76987,1.50,2.25
2014.05.16 12:37:57.357,0.76963,0.76983,1.50,1.00
2014.05.16 12:37:57.457,0.7696,0.76983,1.00,2.25
2014.05.16 12:37:57.861,0.76957,0.76982,1.50,2.25
2014.05.16 12:37:57.911,0.76962,0.76982,1.00,2.25
2014.05.16 12:37:58.501,0.76962,0.76983,1.00,2.25
2014.05.16 12:38:00.020,0.76962,0.76981,1.00,1.00
2014.05.16 12:38:00.144,0.76957,0.76981,2.25,1.00
2014.05.16 12:38:00.363,0.76961,0.76981,1.00,1.00
2014.05.16 12:38:01.005,0.76961,0.76983,1.00,1.50
2014.05.16 12:38:03.316,0.76961,0.76981,1.00,1.00
2014.05.16 12:38:03.865,0.76961,0.76983,1.00,2.25
2014.05.16 12:38:06.221,0.76961,0.76981,1.00,1.50
2014.05.16 12:38:06.753,0.76961,0.76979,1.00,1.50
2014.05.16 12:38:09.297,0.76961,0.76981,1.00,1.50
2014.05.16 12:38:10.051,0.76961,0.7698,1.00,1.50
2014.05.16 12:38:11.260,0.76961,0.76981,1.00,1.50
2014.05.16 12:38:12.351,0.76957,0.76981,1.00,1.50
2014.05.16 12:38:16.210,0.76957,0.76982,1.00,2.25
2014.05.16 12:38:21.715,0.76957,0.76983,1.50,3.00
2014.05.16 12:38:21.847,0.76957,0.76981,1.50,1.50
2014.05.16 12:38:23.902,0.76962,0.76981,1.00,1.50
2014.05.16 12:38:24.492,0.76957,0.76981,1.00,1.50
2014.05.16 12:38:25.045,0.76957,0.76982,1.00,1.50
2014.05.16 12:38:25.199,0.76959,0.76982,1.00,1.50
2014.05.16 12:38:27.881,0.76964,0.76984,1.00,3.00
2014.05.16 12:38:27.996,0.76965,0.76987,1.00,1.50
2014.05.16 12:38:28.104,0.76965,0.76989,1.00,3.00
2014.05.16 12:38:28.205,0.76971,0.76989,1.00,1.50
2014.05.16 12:38:28.357,0.76972,0.76992,1.00,1.50
2014.05.16 12:38:29.601,0.76972,0.76996,1.50,1.50
2014.05.16 12:38:31.613,0.76972,0.76995,1.00,1.00
2014.05.16 12:38:32.081,0.76972,0.76993,1.00,1.00
2014.05.16 12:38:37.250,0.76977,0.76996,1.00,1.50
2014.05.16 12:38:41.070,0.76977,0.76998,1.00,1.50
2014.05.16 12:38:41.895,0.76982,0.77,1.00,1.00
2014.05.16 12:38:42.501,0.76982,0.77003,1.00,1.00
2014.05.16 12:38:43.115,0.76982,0.77002,1.00,1.00
2014.05.16 12:38:47.300,0.76978,0.77002,1.00,1.00
2014.05.16 12:38:47.803,0.76977,0.77002,1.00,1.00
2014.05.16 12:38:49.523,0.76977,0.77,1.00,1.00
2014.05.16 12:38:49.885,0.76977,0.76998,1.00,1.00
2014.05.16 12:38:53.257,0.76977,0.77,1.00,1.00
2014.05.16 12:38:53.370,0.76981,0.77,1.00,1.00
2014.05.16 12:38:53.521,0.76981,0.77002,1.00,1.00
2014.05.16 12:38:53.622,0.76987,0.77002,1.00,1.00
2014.05.16 12:38:53.722,0.76987,0.77005,1.00,1.00
2014.05.16 12:38:55.111,0.76992,0.77005,1.00,1.00
2014.05.16 12:38:55.221,0.76986,0.77005,1.00,1.00
2014.05.16 12:38:57.880,0.76992,0.77005,1.00,1.00
2014.05.16 12:38:59.011,0.76986,0.77005,1.00,1.00
2014.05.16 12:39:01.303,0.76986,0.77004,1.00,1.00
2014.05.16 12:39:01.404,0.76986,0.77001,1.00,1.50
2014.05.16 12:39:01.514,0.76981,0.77001,1.00,1.50
2014.05.16 12:39:01.665,0.76981,0.76998,1.00,1.50
2014.05.16 12:39:01.972,0.76981,0.76994,1.00,1.50
2014.05.16 12:39:04.448,0.76981,0.76997,1.00,1.00
2014.05.16 12:39:04.622,0.76976,0.76997,1.00,1.50
2014.05.16 12:39:07.330,0.76976,0.76995,1.00,1.00
2014.05.16 12:39:07.855,0.76976,0.76994,1.00,1.00
2014.05.16 12:39:08.525,0.76976,0.76993,1.00,1.00
2014.05.16 12:39:09.574,0.76981,0.76993,1.00,1.00
2014.05.16 12:39:09.838,0.76981,0.76995,1.00,1.00
2014.05.16 12:39:09.939,0.76977,0.76996,2.25,1.00
2014.05.16 12:39:09.989,0.76981,0.76996,1.00,1.00
2014.05.16 12:39:10.159,0.76981,0.76999,1.00,3.00
2014.05.16 12:39:10.651,0.76979,0.76999,1.50,1.50
2014.05.16 12:39:10.702,0.76976,0.76999,1.00,1.50
2014.05.16 12:39:11.137,0.76976,0.76996,1.00,1.00
2014.05.16 12:39:12.403,0.76973,0.76996,1.50,1.00
2014.05.16 12:39:12.733,0.76976,0.76996,1.00,1.00
2014.05.16 12:39:13.030,0.76976,0.76999,1.00,1.50
2014.05.16 12:39:14.575,0.76975,0.76998,1.00,1.00
2014.05.16 12:39:14.746,0.76973,0.76998,2.25,1.00
2014.05.16 12:39:15.465,0.76973,0.76997,2.25,1.00
2014.05.16 12:39:16.124,0.76973,0.76998,2.25,1.50
2014.05.16 12:39:16.834,0.76974,0.76998,1.50,1.50
2014.05.16 12:39:16.985,0.76974,0.76996,1.50,1.50
2014.05.16 12:39:17.736,0.76974,0.76995,1.50,1.00
2014.05.16 12:39:20.216,0.76973,0.76995,1.50,1.00
2014.05.16 12:39:20.785,0.76973,0.76994,1.50,1.00
2014.05.16 12:39:23.182,0.76972,0.76994,1.00,1.00
2014.05.16 12:39:23.511,0.76969,0.76991,1.50,1.50
2014.05.16 12:39:24.038,0.76971,0.76991,1.00,1.00
2014.05.16 12:39:24.746,0.76972,0.76992,1.50,1.00
2014.05.16 12:39:25.292,0.76971,0.76992,1.50,1.00
2014.05.16 12:39:27.690,0.7697,0.76992,1.50,1.50
2014.05.16 12:39:28.020,0.76967,0.76992,1.50,1.50
2014.05.16 12:39:28.396,0.76967,0.7699,1.50,1.00
2014.05.16 12:39:28.788,0.76967,0.76988,1.50,1.00
2014.05.16 12:39:31.809,0.76966,0.76988,3.00,1.00
2014.05.16 12:39:32.420,0.76966,0.76987,1.00,1.50
2014.05.16 12:39:39.509,0.76966,0.76986,1.00,1.00
2014.05.16 12:39:42.699,0.76966,0.76985,1.00,1.00
2014.05.16 12:39:42.860,0.76962,0.76984,1.50,1.00
2014.05.16 12:39:43.081,0.76966,0.76987,1.00,2.25
2014.05.16 12:39:44.826,0.76964,0.76983,1.00,1.00
2014.05.16 12:39:45.028,0.76967,0.76988,1.00,1.50
2014.05.16 12:39:45.243,0.76963,0.76989,1.00,1.50
2014.05.16 12:39:45.452,0.76962,0.76986,1.50,1.00
2014.05.16 12:39:47.089,0.76963,0.76986,1.00,1.00
2014.05.16 12:39:47.190,0.76963,0.76988,1.00,1.00
2014.05.16 12:39:47.240,0.76967,0.76988,1.00,1.00
2014.05.16 12:39:47.492,0.76967,0.7699,1.00,1.00
2014.05.16 12:39:48.051,0.76967,0.76989,1.00,1.00
2014.05.16 12:39:48.202,0.76967,0.76987,2.25,1.00
2014.05.16 12:39:48.526,0.76969,0.76987,1.50,1.00
2014.05.16 12:39:48.627,0.76967,0.76988,1.00,3.00
2014.05.16 12:39:49.010,0.76963,0.76984,1.00,1.00
2014.05.16 12:39:49.111,0.76963,0.76987,1.00,1.00
2014.05.16 12:39:49.249,0.76963,0.76983,1.00,1.00
2014.05.16 12:39:50.174,0.76962,0.76983,1.50,1.00
