2011.03.17 13:00:02.672,0.65112,0.65139,2.25,2.25
2011.03.17 13:00:03.754,0.65111,0.65138,2.25,2.25
2011.03.17 13:00:04.194,0.65111,0.6514,2.25,2.25
2011.03.17 13:00:07.172,0.65114,0.65141,2.25,2.25
2011.03.17 13:00:07.712,0.65115,0.65142,2.25,2.25
2011.03.17 13:00:10.302,0.65116,0.65143,2.25,2.25
2011.03.17 13:00:11.612,0.65113,0.65141,2.25,2.25
2011.03.17 13:00:13.722,0.65115,0.65144,2.25,2.25
2011.03.17 13:00:14.136,0.65115,0.65142,2.25,2.25
2011.03.17 13:00:14.982,0.65115,0.65144,2.25,2.25
2011.03.17 13:00:15.322,0.65115,0.65142,2.25,2.25
2011.03.17 13:00:15.433,0.65112,0.65141,2.25,2.25
2011.03.17 13:00:16.224,0.65113,0.65141,2.25,2.25
2011.03.17 13:00:17.882,0.65112,0.65139,2.25,2.25
2011.03.17 13:00:23.812,0.65112,0.65141,2.25,2.25
2011.03.17 13:00:24.342,0.65115,0.65142,2.25,2.25
2011.03.17 13:00:33.494,0.65113,0.65141,2.25,2.25
2011.03.17 13:00:34.412,0.65115,0.65142,2.25,2.25
2011.03.17 13:00:34.963,0.65116,0.65143,2.25,2.25
2011.03.17 13:00:35.222,0.65113,0.65141,2.25,2.25
2011.03.17 13:00:35.467,0.65116,0.65143,2.25,2.25
2011.03.17 13:00:36.422,0.65119,0.65146,2.25,2.25
2011.03.17 13:00:38.033,0.65119,0.65148,2.25,2.25
2011.03.17 13:00:38.252,0.65115,0.65144,2.25,2.25
2011.03.17 13:00:38.564,0.65115,0.65142,2.25,2.25
2011.03.17 13:00:39.112,0.65121,0.65144,2.25,2.25
2011.03.17 13:00:43.282,0.65119,0.65142,2.25,2.25
2011.03.17 13:00:43.995,0.65118,0.65141,2.25,2.25
2011.03.17 13:00:47.297,0.65119,0.65142,2.25,2.25
2011.03.17 13:00:48.362,0.65121,0.6515,2.25,2.25
2011.03.17 13:00:51.423,0.65122,0.6515,2.25,2.25
2011.03.17 13:00:52.772,0.65122,0.65151,2.25,2.25
2011.03.17 13:00:53.542,0.65119,0.6515,2.25,2.25
2011.03.17 13:00:53.946,0.6512,0.65148,2.25,2.25
2011.03.17 13:00:54.166,0.65119,0.6515,2.25,2.25
2011.03.17 13:00:54.275,0.6512,0.65148,2.25,2.25
2011.03.17 13:00:54.496,0.65119,0.6515,2.25,2.25
2011.03.17 13:00:54.605,0.6512,0.65148,2.25,2.25
2011.03.17 13:00:55.268,0.6512,0.65147,2.25,2.25
2011.03.17 13:00:56.132,0.6512,0.65148,2.25,2.25
2011.03.17 13:00:56.819,0.65119,0.65149,2.25,2.25
2011.03.17 13:00:57.464,0.6512,0.65149,2.25,2.25
2011.03.17 13:00:58.012,0.65119,0.65149,2.25,2.25
2011.03.17 13:00:58.552,0.6512,0.65148,2.25,2.25
2011.03.17 13:00:59.107,0.65119,0.65149,2.25,2.25
2011.03.17 13:00:59.942,0.65119,0.6515,2.25,2.25
2011.03.17 13:01:00.437,0.6512,0.65148,2.25,2.25
2011.03.17 13:01:00.982,0.65119,0.65149,2.25,2.25
2011.03.17 13:01:01.802,0.6512,0.65149,2.25,2.25
2011.03.17 13:01:02.494,0.65119,0.6515,2.25,2.25
2011.03.17 13:01:02.932,0.65122,0.65151,2.25,2.25
2011.03.17 13:01:04.952,0.6512,0.65149,2.25,2.25
2011.03.17 13:01:05.515,0.6512,0.65149,2.40,2.25
2011.03.17 13:01:05.862,0.65119,0.65148,2.25,2.25
2011.03.17 13:01:06.157,0.65117,0.65146,2.25,2.25
2011.03.17 13:01:09.116,0.65119,0.65148,2.25,2.25
2011.03.17 13:01:09.431,0.65117,0.65146,2.40,2.25
2011.03.17 13:01:09.762,0.6512,0.65147,2.25,2.25
2011.03.17 13:01:11.536,0.65116,0.65147,2.40,2.25
2011.03.17 13:01:12.208,0.65116,0.65147,2.40,2.25
2011.03.17 13:01:12.313,0.65117,0.65151,2.25,2.25
2011.03.17 13:01:12.885,0.65114,0.65151,2.40,2.25
2011.03.17 13:01:14.174,0.65117,0.65154,2.25,2.25
2011.03.17 13:01:18.068,0.65119,0.65155,2.25,2.25
2011.03.17 13:01:18.392,0.65119,0.65153,2.25,2.25
2011.03.17 13:01:19.974,0.65118,0.65153,2.25,2.25
2011.03.17 13:01:20.973,0.65117,0.65151,2.25,2.25
2011.03.17 13:01:21.662,0.65118,0.65154,2.25,2.25
2011.03.17 13:01:22.213,0.6512,0.65157,2.25,2.25
2011.03.17 13:01:22.323,0.65118,0.65154,2.25,2.25
2011.03.17 13:01:24.012,0.65117,0.65154,2.25,2.25
2011.03.17 13:01:24.884,0.6512,0.65154,2.25,2.25
2011.03.17 13:01:25.857,0.65119,0.65155,2.25,2.25
2011.03.17 13:01:28.513,0.65118,0.65153,2.25,2.25
2011.03.17 13:01:28.844,0.65136,0.65165,2.25,2.25
2011.03.17 13:01:29.529,0.65137,0.65166,2.25,2.25
2011.03.17 13:01:31.922,0.65134,0.65161,2.25,2.25
2011.03.17 13:01:33.066,0.65135,0.65164,2.25,2.25
2011.03.17 13:01:33.382,0.65134,0.65161,2.25,2.25
2011.03.17 13:01:35.172,0.65134,0.65167,2.25,2.25
2011.03.17 13:01:35.282,0.65137,0.65167,2.25,2.25
2011.03.17 13:01:35.642,0.65135,0.65164,2.25,2.25
2011.03.17 13:01:39.563,0.65134,0.65161,2.25,2.25
2011.03.17 13:01:40.673,0.6513,0.65159,2.25,2.25
2011.03.17 13:01:41.313,0.65129,0.65159,2.25,2.25
2011.03.17 13:01:41.773,0.65133,0.6516,2.25,2.25
2011.03.17 13:01:43.203,0.65131,0.65158,2.25,2.25
2011.03.17 13:01:46.793,0.65129,0.65158,2.25,2.25
2011.03.17 13:01:46.997,0.65128,0.65155,2.25,2.25
2011.03.17 13:01:47.213,0.65125,0.65154,2.25,2.25
2011.03.17 13:01:47.433,0.65125,0.65152,2.25,2.25
2011.03.17 13:01:47.543,0.6512,0.65151,2.40,2.25
2011.03.17 13:01:47.652,0.65124,0.65153,2.25,2.25
2011.03.17 13:01:47.873,0.65121,0.65151,2.25,2.25
2011.03.17 13:01:48.384,0.65121,0.6515,2.25,2.25
2011.03.17 13:01:49.043,0.65122,0.6515,2.25,2.25
2011.03.17 13:01:50.163,0.65122,0.65159,2.25,2.25
2011.03.17 13:01:50.507,0.65122,0.65156,2.25,2.25
2011.03.17 13:01:50.836,0.6512,0.65149,2.25,2.25
2011.03.17 13:01:53.922,0.65124,0.65151,2.25,2.25
2011.03.17 13:01:54.252,0.65121,0.6515,2.25,2.25
2011.03.17 13:01:55.784,0.65119,0.65148,2.25,2.25
2011.03.17 13:01:56.313,0.65117,0.65145,2.25,2.25
2011.03.17 13:01:56.533,0.65119,0.65148,2.25,2.25
2011.03.17 13:01:56.753,0.6512,0.6515,2.25,2.25
2011.03.17 13:01:59.893,0.65123,0.65152,2.25,2.25
2011.03.17 13:02:00.221,0.65121,0.65149,2.25,2.25
2011.03.17 13:02:00.733,0.65122,0.65151,3.19,2.25
2011.03.17 13:02:00.843,0.65146,0.65172,2.25,2.25
2011.03.17 13:02:00.953,0.6515,0.65173,2.25,2.25
2011.03.17 13:02:01.062,0.65145,0.65173,2.25,2.25
2011.03.17 13:02:01.172,0.65142,0.65166,2.25,2.25
2011.03.17 13:02:01.392,0.65145,0.65172,2.25,2.25
2011.03.17 13:02:01.743,0.65141,0.65167,2.25,2.25
2011.03.17 13:02:04.723,0.65149,0.65175,2.25,2.59
2011.03.17 13:02:04.942,0.6515,0.65175,2.25,2.25
2011.03.17 13:02:05.053,0.65152,0.65178,2.25,2.40
2011.03.17 13:02:05.162,0.65154,0.65177,2.25,2.25
2011.03.17 13:02:05.492,0.65154,0.65177,2.25,2.40
2011.03.17 13:02:05.603,0.65151,0.65174,2.25,2.25
2011.03.17 13:02:06.734,0.65147,0.65171,2.25,2.25
2011.03.17 13:02:07.072,0.65148,0.65173,2.25,2.25
2011.03.17 13:02:07.292,0.65138,0.65166,2.25,2.25
2011.03.17 13:02:07.623,0.65142,0.65166,2.25,2.25
2011.03.17 13:02:08.513,0.65144,0.6517,2.25,2.25
2011.03.17 13:02:08.733,0.65142,0.65166,2.25,2.25
2011.03.17 13:02:08.842,0.65141,0.65168,2.25,2.25
2011.03.17 13:02:09.403,0.65141,0.65169,2.25,2.25
2011.03.17 13:02:10.362,0.6514,0.65172,2.25,2.25
2011.03.17 13:02:10.545,0.65138,0.65172,2.25,2.25
2011.03.17 13:02:14.272,0.65138,0.65172,3.19,2.25
2011.03.17 13:02:14.382,0.65145,0.65183,2.25,2.25
2011.03.17 13:02:15.223,0.65142,0.65177,2.25,2.25
2011.03.17 13:02:15.673,0.6514,0.65173,2.25,2.25
2011.03.17 13:02:19.584,0.65139,0.65172,2.63,2.25
2011.03.17 13:02:19.984,0.65138,0.6517,2.63,2.25
2011.03.17 13:02:20.315,0.65135,0.65168,2.25,2.25
2011.03.17 13:02:21.343,0.65134,0.65167,2.25,2.25
2011.03.17 13:02:21.453,0.65132,0.65165,2.25,2.25
2011.03.17 13:02:21.925,0.65134,0.65167,2.25,2.25
2011.03.17 13:02:22.253,0.65128,0.65163,2.25,2.25
2011.03.17 13:02:22.473,0.65127,0.65158,2.25,2.25
2011.03.17 13:02:25.603,0.65128,0.65161,2.25,2.25
2011.03.17 13:02:25.748,0.65126,0.65159,2.25,2.25
2011.03.17 13:02:26.295,0.65129,0.65166,2.25,2.25
2011.03.17 13:02:27.084,0.65126,0.65163,2.25,2.25
2011.03.17 13:02:27.493,0.65122,0.65159,2.44,2.25
2011.03.17 13:02:27.823,0.65128,0.65162,2.25,2.25
2011.03.17 13:02:27.933,0.6513,0.65165,2.25,2.25
2011.03.17 13:02:28.043,0.65127,0.65163,2.25,2.25
2011.03.17 13:02:28.533,0.65124,0.65157,2.25,2.25
2011.03.17 13:02:29.124,0.65124,0.65155,2.25,2.25
2011.03.17 13:02:30.592,0.65123,0.65156,2.25,2.25
2011.03.17 13:02:30.994,0.65121,0.65154,2.25,2.25
2011.03.17 13:02:31.323,0.65121,0.65152,2.25,2.25
2011.03.17 13:02:32.286,0.65119,0.65152,2.25,2.25
2011.03.17 13:02:32.887,0.65119,0.6515,2.25,2.25
2011.03.17 13:02:33.103,0.65119,0.65152,2.25,2.25
2011.03.17 13:02:33.767,0.6512,0.65151,2.25,2.25
2011.03.17 13:02:34.323,0.65119,0.6515,2.25,2.25
2011.03.17 13:02:35.274,0.65117,0.65149,2.25,2.25
2011.03.17 13:02:38.444,0.65119,0.65149,2.25,2.25
2011.03.17 13:02:38.663,0.6512,0.65153,2.25,2.25
2011.03.17 13:02:38.883,0.65119,0.6515,2.25,2.25
2011.03.17 13:02:39.660,0.65119,0.65149,2.25,2.25
2011.03.17 13:02:39.987,0.65118,0.65151,2.25,2.25
2011.03.17 13:02:40.425,0.65119,0.65149,2.25,2.25
2011.03.17 13:02:40.973,0.65119,0.6515,2.25,2.25
2011.03.17 13:02:41.983,0.65119,0.65149,2.25,2.25
2011.03.17 13:02:42.883,0.65116,0.65149,2.25,2.25
2011.03.17 13:02:42.993,0.65121,0.65153,2.25,2.25
2011.03.17 13:02:43.323,0.65124,0.65154,2.25,2.25
2011.03.17 13:02:44.113,0.65118,0.65151,2.25,2.25
2011.03.17 13:02:46.194,0.65123,0.65155,2.25,2.25
2011.03.17 13:02:47.454,0.65122,0.65155,2.25,2.25
2011.03.17 13:02:48.236,0.65119,0.65149,2.25,2.25
2011.03.17 13:02:48.794,0.65122,0.65155,2.25,2.25
2011.03.17 13:02:49.015,0.65119,0.65149,2.25,2.25
2011.03.17 13:02:50.224,0.65122,0.65165,2.25,3.19
2011.03.17 13:02:50.333,0.65122,0.65165,2.25,2.25
2011.03.17 13:02:50.663,0.65119,0.65149,2.25,2.25
2011.03.17 13:02:53.475,0.65119,0.65149,2.44,2.25
2011.03.17 13:02:53.585,0.65128,0.65158,2.25,2.40
2011.03.17 13:02:53.914,0.65123,0.65154,2.25,2.25
2011.03.17 13:02:55.784,0.65137,0.65167,2.25,2.25
2011.03.17 13:02:56.114,0.65127,0.65159,2.25,2.25
2011.03.17 13:02:56.224,0.65127,0.65159,3.19,2.25
2011.03.17 13:02:56.333,0.65141,0.65172,2.25,2.25
2011.03.17 13:02:56.663,0.65137,0.65167,2.44,2.25
2011.03.17 13:02:56.773,0.65141,0.65172,2.25,2.25
2011.03.17 13:02:58.023,0.65137,0.65167,2.44,2.25
2011.03.17 13:02:58.803,0.65137,0.65168,2.25,2.25
2011.03.17 13:03:02.713,0.65142,0.65173,2.44,2.25
2011.03.17 13:03:03.210,0.65146,0.65177,2.25,2.25
2011.03.17 13:03:03.793,0.65145,0.65177,2.25,2.25
2011.03.17 13:03:04.215,0.65136,0.65168,2.25,2.25
2011.03.17 13:03:04.934,0.65134,0.65167,2.25,2.25
2011.03.17 13:03:05.263,0.6513,0.65162,2.25,2.25
2011.03.17 13:03:06.048,0.65128,0.65163,2.25,2.25
2011.03.17 13:03:06.404,0.65128,0.65163,2.25,2.40
2011.03.17 13:03:07.084,0.65126,0.65157,2.25,2.25
2011.03.17 13:03:07.634,0.65131,0.65161,2.25,2.25
2011.03.17 13:03:07.853,0.65126,0.65157,2.25,2.25
2011.03.17 13:03:08.183,0.65126,0.65159,2.25,2.25
2011.03.17 13:03:08.910,0.65128,0.65161,2.25,2.25
2011.03.17 13:03:09.386,0.65126,0.65159,2.25,2.40
2011.03.17 13:03:09.713,0.65122,0.65155,2.25,2.25
2011.03.17 13:03:10.044,0.65128,0.65158,2.25,2.25
2011.03.17 13:03:10.154,0.65123,0.65154,2.25,2.25
2011.03.17 13:03:10.373,0.65127,0.65159,2.25,2.40
2011.03.17 13:03:10.703,0.65125,0.65158,2.25,2.25
2011.03.17 13:03:11.126,0.65121,0.65153,2.25,2.25
2011.03.17 13:03:11.234,0.65124,0.65157,2.25,2.25
2011.03.17 13:03:11.454,0.65118,0.65151,2.25,2.25
2011.03.17 13:03:11.784,0.65128,0.65158,2.25,2.25
2011.03.17 13:03:11.893,0.65129,0.65162,2.25,2.25
2011.03.17 13:03:16.214,0.65132,0.65167,2.25,2.25
2011.03.17 13:03:16.433,0.65128,0.65163,2.25,2.25
2011.03.17 13:03:16.763,0.65128,0.65161,2.25,2.25
2011.03.17 13:03:18.203,0.65128,0.65163,2.25,2.25
2011.03.17 13:03:20.543,0.65128,0.65161,2.25,2.25
2011.03.17 13:03:20.675,0.65128,0.65163,2.25,2.25
2011.03.17 13:03:21.007,0.65128,0.65159,2.25,2.25
2011.03.17 13:03:21.333,0.65133,0.65163,2.25,2.25
2011.03.17 13:03:21.557,0.65132,0.65165,2.25,2.25
2011.03.17 13:03:21.883,0.65137,0.65169,2.25,2.25
2011.03.17 13:03:22.323,0.65141,0.65174,2.25,2.25
2011.03.17 13:03:24.718,0.65142,0.65175,2.25,2.25
2011.03.17 13:03:25.489,0.65141,0.65176,2.25,2.25
2011.03.17 13:03:26.044,0.65141,0.65176,2.25,2.40
2011.03.17 13:03:26.475,0.65137,0.65172,2.25,2.25
2011.03.17 13:03:28.784,0.65138,0.65169,2.25,2.25
2011.03.17 13:03:28.894,0.65136,0.65169,2.25,2.25
2011.03.17 13:03:29.144,0.65137,0.65172,2.25,2.25
2011.03.17 13:03:29.243,0.65141,0.65176,2.25,2.25
2011.03.17 13:03:34.726,0.65142,0.65176,2.25,2.25
2011.03.17 13:03:40.824,0.65143,0.65178,2.25,2.25
2011.03.17 13:03:41.044,0.65147,0.6518,2.25,2.25
2011.03.17 13:03:41.374,0.65149,0.6518,2.25,2.25
2011.03.17 13:03:46.484,0.65153,0.65186,2.25,2.25
2011.03.17 13:03:46.898,0.65156,0.65189,2.25,2.44
2011.03.17 13:03:47.535,0.65155,0.6519,2.25,2.59
2011.03.17 13:03:48.124,0.65155,0.6519,2.25,2.44
2011.03.17 13:03:52.643,0.65156,0.65187,2.25,2.25
2011.03.17 13:03:52.753,0.65155,0.65189,2.25,2.59
2011.03.17 13:03:52.864,0.65156,0.65187,2.25,2.25
2011.03.17 13:03:55.774,0.65148,0.65179,2.25,2.25
2011.03.17 13:03:56.104,0.65143,0.65174,2.25,2.25
2011.03.17 13:03:59.754,0.65142,0.65174,2.25,2.25
2011.03.17 13:03:59.863,0.65139,0.65173,2.25,2.25
2011.03.17 13:04:01.254,0.65136,0.65168,2.25,2.25
2011.03.17 13:04:01.584,0.65139,0.65172,2.25,2.25
2011.03.17 13:04:01.804,0.65136,0.65168,2.25,2.25
2011.03.17 13:04:02.307,0.65139,0.65172,2.25,2.25
2011.03.17 13:04:02.416,0.65136,0.65168,2.25,2.25
2011.03.17 13:04:04.269,0.65135,0.65168,2.25,2.25
2011.03.17 13:04:04.375,0.65132,0.65167,2.25,2.25
2011.03.17 13:04:04.483,0.65134,0.65169,2.25,2.25
2011.03.17 13:04:06.157,0.65134,0.65169,2.25,2.44
2011.03.17 13:04:06.483,0.65128,0.65163,2.25,2.25
2011.03.17 13:04:06.593,0.65134,0.65167,2.25,2.25
2011.03.17 13:04:07.584,0.65138,0.65171,2.25,2.25
2011.03.17 13:04:13.573,0.65141,0.65177,2.25,2.25
2011.03.17 13:04:13.794,0.65138,0.65171,2.25,2.25
2011.03.17 13:04:15.985,0.65137,0.65167,2.25,2.25
2011.03.17 13:04:16.364,0.65135,0.65168,2.25,2.25
2011.03.17 13:04:16.583,0.65135,0.65168,2.40,2.25
2011.03.17 13:04:16.805,0.65134,0.65167,2.25,2.25
2011.03.17 13:04:17.135,0.65136,0.65168,2.25,2.25
2011.03.17 13:04:17.353,0.65137,0.6517,2.25,2.25
2011.03.17 13:04:18.834,0.65139,0.65169,2.25,2.25
2011.03.17 13:04:19.948,0.6514,0.65171,2.25,2.25
2011.03.17 13:04:21.164,0.65139,0.65169,2.25,2.25
2011.03.17 13:04:21.824,0.65137,0.65168,2.25,2.25
2011.03.17 13:04:22.260,0.65137,0.65168,2.55,2.25
2011.03.17 13:04:22.364,0.65138,0.65171,2.40,2.25
2011.03.17 13:04:22.914,0.65138,0.65171,2.25,2.25
2011.03.17 13:04:23.476,0.65139,0.65172,2.25,2.25
2011.03.17 13:04:23.583,0.65142,0.65172,2.25,2.25
2011.03.17 13:04:26.503,0.65138,0.65171,2.25,2.25
2011.03.17 13:04:27.050,0.65139,0.6517,2.25,2.25
2011.03.17 13:04:27.697,0.65136,0.65171,2.40,2.25
2011.03.17 13:04:28.165,0.65142,0.65177,2.25,2.25
2011.03.17 13:04:33.138,0.65147,0.65177,2.25,2.25
2011.03.17 13:04:33.933,0.65148,0.65179,2.25,2.40
2011.03.17 13:04:34.495,0.65147,0.65177,2.25,2.25
2011.03.17 13:04:34.794,0.65152,0.65183,2.25,2.25
2011.03.17 13:04:34.904,0.65152,0.65188,2.25,2.40
2011.03.17 13:04:35.014,0.65153,0.65186,2.25,2.25
2011.03.17 13:04:37.045,0.65157,0.6519,2.25,2.40
2011.03.17 13:04:37.416,0.65147,0.65187,2.25,2.25
2011.03.17 13:04:37.633,0.65153,0.65186,2.25,2.25
2011.03.17 13:04:38.305,0.65154,0.65186,2.25,2.25
2011.03.17 13:04:41.175,0.6515,0.65183,2.25,2.25
2011.03.17 13:04:43.294,0.65151,0.65183,2.25,2.25
2011.03.17 13:04:43.404,0.65154,0.65187,2.25,2.40
2011.03.17 13:04:43.514,0.65154,0.65187,2.25,2.25
2011.03.17 13:04:44.512,0.65157,0.65187,2.25,2.25
2011.03.17 13:04:44.624,0.65153,0.65188,2.25,2.40
2011.03.17 13:04:45.743,0.65148,0.65179,2.25,2.25
2011.03.17 13:04:46.074,0.65152,0.65187,2.25,2.25
2011.03.17 13:04:46.523,0.65153,0.65188,2.25,2.40
2011.03.17 13:04:46.774,0.65154,0.65186,2.25,2.25
2011.03.17 13:04:47.318,0.65154,0.65185,2.25,2.25
2011.03.17 13:04:48.065,0.65154,0.65186,2.25,2.25
2011.03.17 13:04:48.866,0.65159,0.65191,2.25,2.25
2011.03.17 13:04:50.936,0.65159,0.65191,2.25,2.40
2011.03.17 13:04:51.155,0.65156,0.65186,2.25,2.25
2011.03.17 13:04:52.145,0.65156,0.65186,2.25,3.19
2011.03.17 13:04:52.254,0.6515,0.65182,2.25,2.44
2011.03.17 13:04:52.363,0.65152,0.65185,2.25,3.19
2011.03.17 13:05:00.483,0.65153,0.65186,2.25,3.19
2011.03.17 13:05:01.174,0.65153,0.65186,2.25,2.25
2011.03.17 13:05:01.284,0.65156,0.65189,2.25,3.19
2011.03.17 13:05:01.394,0.65152,0.65183,2.25,2.25
2011.03.17 13:05:01.503,0.65146,0.65182,2.25,2.25
2011.03.17 13:05:04.504,0.65155,0.65191,2.25,3.19
2011.03.17 13:05:04.725,0.65147,0.65181,2.25,2.44
2011.03.17 13:05:04.943,0.65143,0.65176,2.25,2.25
2011.03.17 13:05:05.208,0.65144,0.65178,2.25,2.25
2011.03.17 13:05:05.533,0.65149,0.65183,2.25,2.44
2011.03.17 13:05:05.643,0.65149,0.65183,2.25,2.25
2011.03.17 13:05:15.283,0.65148,0.65183,2.25,2.25
2011.03.17 13:05:15.807,0.65149,0.65181,2.25,2.25
2011.03.17 13:05:17.013,0.65149,0.65181,2.40,2.25
2011.03.17 13:05:17.345,0.65158,0.6519,2.25,2.25
2011.03.17 13:05:17.674,0.65161,0.65194,2.25,2.25
2011.03.17 13:05:17.786,0.65163,0.65192,2.25,2.25
2011.03.17 13:05:19.553,0.65162,0.65192,2.25,2.25
2011.03.17 13:05:20.854,0.65162,0.65194,2.25,2.25
2011.03.17 13:05:21.535,0.65162,0.65195,2.25,2.25
2011.03.17 13:05:24.271,0.65163,0.65195,2.25,2.25
2011.03.17 13:05:26.394,0.65163,0.65194,2.25,2.25
2011.03.17 13:05:26.954,0.65163,0.65193,2.25,2.25
2011.03.17 13:05:27.064,0.65163,0.65195,2.25,2.25
2011.03.17 13:05:30.835,0.65167,0.652,2.25,2.44
2011.03.17 13:05:31.163,0.65162,0.65196,2.25,2.25
2011.03.17 13:05:34.584,0.65162,0.65193,2.25,2.25
2011.03.17 13:05:35.235,0.65162,0.65194,2.25,2.25
2011.03.17 13:05:36.553,0.65166,0.65198,2.25,2.44
2011.03.17 13:05:37.893,0.65171,0.65202,2.25,2.25
2011.03.17 13:05:38.856,0.65172,0.65202,2.25,2.25
2011.03.17 13:05:38.963,0.65172,0.65204,2.25,2.25
2011.03.17 13:05:41.514,0.65172,0.65204,2.25,3.19
2011.03.17 13:05:41.734,0.65163,0.65195,2.25,2.25
2011.03.17 13:05:44.967,0.65163,0.65195,2.40,2.25
2011.03.17 13:05:48.973,0.65163,0.65195,2.25,2.25
2011.03.17 13:05:54.133,0.65163,0.65195,2.25,3.19
2011.03.17 13:05:54.244,0.65156,0.65191,2.40,2.44
2011.03.17 13:05:54.353,0.65158,0.6519,2.25,2.44
2011.03.17 13:05:56.697,0.65158,0.6519,2.25,2.25
2011.03.17 13:05:57.135,0.65163,0.65192,2.25,2.25
2011.03.17 13:05:57.353,0.65163,0.65195,2.25,2.44
2011.03.17 13:05:58.044,0.65167,0.65201,2.25,2.44
2011.03.17 13:05:58.869,0.65166,0.65198,2.25,2.25
2011.03.17 13:05:59.194,0.65161,0.65192,2.25,2.25
2011.03.17 13:05:59.304,0.65166,0.65198,2.25,2.25
2011.03.17 13:06:03.446,0.65167,0.65196,2.25,2.25
2011.03.17 13:06:03.783,0.65171,0.65202,2.25,2.25
2011.03.17 13:06:07.205,0.65172,0.65204,2.40,2.25
2011.03.17 13:06:08.010,0.65177,0.65208,2.25,3.19
2011.03.17 13:06:09.313,0.65176,0.6521,2.25,3.19
2011.03.17 13:06:09.945,0.65176,0.6521,2.40,3.19
2011.03.17 13:06:16.019,0.65176,0.65209,2.25,3.19
2011.03.17 13:06:16.445,0.65177,0.65209,2.40,2.25
2011.03.17 13:06:16.664,0.65181,0.6521,2.25,2.25
2011.03.17 13:06:17.269,0.65181,0.65212,2.25,2.44
2011.03.17 13:06:18.764,0.65182,0.65212,2.25,2.44
2011.03.17 13:06:20.231,0.65182,0.65212,2.25,2.44
2011.03.17 13:06:20.563,0.65185,0.65216,2.25,2.44
2011.03.17 13:06:20.894,0.6518,0.65212,2.25,2.44
2011.03.17 13:06:21.256,0.65185,0.65216,2.25,2.44
2011.03.17 13:06:23.149,0.65185,0.65216,2.40,2.44
2011.03.17 13:06:23.375,0.65185,0.65216,2.25,2.44
2011.03.17 13:06:24.363,0.65179,0.65209,2.25,2.25
2011.03.17 13:06:24.475,0.65179,0.65209,2.25,2.44
2011.03.17 13:06:24.933,0.65176,0.65207,2.25,2.44
2011.03.17 13:06:25.514,0.65175,0.65206,2.25,2.44
2011.03.17 13:06:25.844,0.6518,0.6521,2.25,3.19
2011.03.17 13:06:28.765,0.6518,0.6521,2.25,2.25
2011.03.17 13:06:28.873,0.65185,0.65214,2.25,2.44
2011.03.17 13:06:29.244,0.65185,0.65214,2.25,2.82
2011.03.17 13:06:29.465,0.65166,0.65197,2.25,2.44
2011.03.17 13:06:29.683,0.65161,0.65192,2.25,2.25
2011.03.17 13:06:29.855,0.65166,0.65197,2.25,2.44
2011.03.17 13:06:30.184,0.65163,0.65192,2.25,2.25
2011.03.17 13:06:32.554,0.65161,0.65191,2.40,2.25
2011.03.17 13:06:33.257,0.6516,0.65192,2.25,2.25
2011.03.17 13:06:34.014,0.6516,0.65192,2.25,3.57
2011.03.17 13:06:34.123,0.65147,0.65178,2.25,2.44
2011.03.17 13:06:34.964,0.65147,0.65178,2.59,2.25
2011.03.17 13:06:35.248,0.65157,0.65186,2.25,2.25
2011.03.17 13:06:35.356,0.65158,0.65193,2.25,2.44
2011.03.17 13:06:35.573,0.6516,0.65192,2.25,2.44
2011.03.17 13:06:35.904,0.65157,0.65186,2.25,2.25
2011.03.17 13:06:36.123,0.6516,0.65192,2.25,2.25
2011.03.17 13:06:36.533,0.6516,0.65192,2.40,2.25
2011.03.17 13:06:36.643,0.65168,0.65202,2.25,2.25
2011.03.17 13:06:36.863,0.65166,0.65195,2.25,2.25
2011.03.17 13:06:37.395,0.65165,0.65195,2.25,2.44
2011.03.17 13:06:37.505,0.65157,0.65193,2.25,2.25
2011.03.17 13:06:37.759,0.65157,0.65193,2.55,2.25
2011.03.17 13:06:38.097,0.65157,0.65194,2.40,2.25
2011.03.17 13:06:38.614,0.6517,0.652,2.25,2.25
2011.03.17 13:06:38.724,0.65171,0.65202,2.25,2.25
2011.03.17 13:06:39.708,0.65172,0.65203,2.25,2.25
2011.03.17 13:06:41.224,0.65171,0.65202,2.25,2.25
2011.03.17 13:06:41.835,0.65171,0.65202,2.40,2.25
2011.03.17 13:06:42.501,0.65171,0.65202,2.25,2.25
2011.03.17 13:06:42.789,0.65173,0.65202,2.25,2.25
2011.03.17 13:06:43.009,0.65171,0.65202,2.25,2.25
2011.03.17 13:06:43.874,0.65173,0.65204,2.25,2.25
2011.03.17 13:06:44.494,0.65173,0.65204,2.25,3.19
2011.03.17 13:06:44.604,0.65169,0.65201,2.25,3.57
2011.03.17 13:06:44.955,0.65155,0.65187,2.85,2.25
2011.03.17 13:06:45.074,0.65156,0.65186,2.40,2.25
2011.03.17 13:06:45.594,0.65156,0.65186,2.25,2.25
2011.03.17 13:06:45.703,0.6516,0.65192,2.25,2.25
2011.03.17 13:06:45.813,0.65162,0.65191,2.25,2.25
2011.03.17 13:06:46.145,0.6517,0.65201,2.25,2.25
2011.03.17 13:06:46.584,0.65172,0.65202,2.25,2.25
2011.03.17 13:06:46.914,0.65168,0.65199,2.25,2.25
2011.03.17 13:06:47.393,0.65168,0.65199,2.25,2.44
2011.03.17 13:06:47.723,0.65164,0.65194,2.25,2.25
2011.03.17 13:06:48.095,0.6516,0.65189,2.25,2.25
2011.03.17 13:06:48.778,0.6516,0.65189,2.40,2.25
2011.03.17 13:06:48.883,0.6516,0.65189,2.25,2.25
2011.03.17 13:06:51.543,0.6516,0.65189,2.40,2.25
2011.03.17 13:06:52.068,0.6516,0.65189,2.25,2.25
2011.03.17 13:06:52.554,0.65163,0.65195,2.25,3.19
2011.03.17 13:06:53.587,0.65163,0.65192,2.40,2.44
2011.03.17 13:06:54.105,0.65163,0.65192,2.25,3.19
2011.03.17 13:06:54.214,0.65148,0.6518,2.25,2.44
2011.03.17 13:06:54.433,0.65145,0.65174,2.40,2.25
2011.03.17 13:06:55.441,0.65145,0.65174,2.25,2.25
2011.03.17 13:06:55.554,0.65145,0.65174,3.19,2.25
2011.03.17 13:06:55.775,0.65167,0.65197,2.25,3.19
2011.03.17 13:06:55.994,0.65158,0.65188,2.25,2.25
2011.03.17 13:06:56.844,0.65153,0.65182,2.25,2.25
2011.03.17 13:06:57.172,0.65145,0.65174,2.25,2.25
2011.03.17 13:06:57.503,0.65139,0.6517,2.40,2.25
2011.03.17 13:06:57.945,0.65139,0.65168,2.25,2.25
2011.03.17 13:06:58.053,0.65135,0.65167,2.25,2.25
2011.03.17 13:06:58.164,0.65141,0.6517,2.25,2.25
2011.03.17 13:06:58.745,0.65134,0.65168,2.40,2.25
2011.03.17 13:06:58.853,0.65134,0.65168,2.25,2.25
2011.03.17 13:06:59.073,0.65134,0.65168,2.40,2.25
2011.03.17 13:06:59.625,0.65134,0.65167,2.40,2.25
2011.03.17 13:07:00.285,0.65139,0.65172,2.25,2.25
2011.03.17 13:07:01.165,0.65134,0.65167,2.40,2.25
2011.03.17 13:07:01.835,0.65135,0.65164,2.25,2.25
2011.03.17 13:07:02.054,0.6514,0.65174,2.25,2.25
2011.03.17 13:07:02.838,0.6514,0.65174,2.40,2.25
2011.03.17 13:07:03.163,0.65135,0.6517,2.40,2.25
2011.03.17 13:07:04.003,0.65141,0.65176,2.25,2.25
2011.03.17 13:07:05.015,0.65141,0.65176,2.44,2.25
2011.03.17 13:07:05.123,0.6516,0.65193,2.25,2.25
2011.03.17 13:07:06.484,0.6516,0.65193,2.25,3.19
2011.03.17 13:07:06.593,0.6515,0.65185,2.25,2.44
2011.03.17 13:07:06.813,0.65145,0.65181,2.40,2.25
2011.03.17 13:07:07.143,0.65141,0.65176,2.40,2.25
2011.03.17 13:07:07.474,0.65141,0.65176,2.55,2.25
2011.03.17 13:07:08.143,0.65141,0.65176,2.40,2.25
2011.03.17 13:07:08.584,0.65142,0.65183,2.25,2.25
2011.03.17 13:07:08.926,0.6515,0.65185,2.25,2.25
2011.03.17 13:07:09.784,0.65155,0.65189,2.25,2.25
2011.03.17 13:07:11.415,0.6516,0.65193,2.25,2.25
2011.03.17 13:07:13.396,0.65158,0.6519,2.25,2.25
2011.03.17 13:07:13.816,0.65164,0.65193,2.25,2.25
2011.03.17 13:07:15.234,0.65162,0.65194,2.25,2.25
2011.03.17 13:07:15.609,0.65162,0.65191,2.25,2.25
2011.03.17 13:07:16.176,0.65163,0.65192,2.25,2.25
2011.03.17 13:07:16.285,0.65157,0.65188,2.40,2.25
2011.03.17 13:07:16.614,0.65151,0.65185,2.40,2.25
2011.03.17 13:07:17.494,0.65149,0.65185,2.25,2.25
2011.03.17 13:07:18.125,0.65151,0.65185,2.25,2.25
2011.03.17 13:07:18.453,0.65161,0.6519,2.25,2.25
2011.03.17 13:07:19.054,0.65163,0.65192,2.25,2.25
2011.03.17 13:07:19.463,0.65162,0.65194,2.25,2.25
2011.03.17 13:07:19.574,0.65159,0.65188,2.25,2.25
2011.03.17 13:07:20.013,0.65151,0.65187,2.25,2.25
2011.03.17 13:07:20.284,0.65158,0.6519,2.25,2.25
2011.03.17 13:07:20.795,0.65146,0.65176,2.25,2.25
2011.03.17 13:07:21.234,0.65152,0.65185,2.25,2.25
2011.03.17 13:07:21.905,0.65148,0.65179,2.25,2.25
2011.03.17 13:07:22.585,0.65148,0.6518,2.25,2.25
2011.03.17 13:07:24.465,0.65152,0.65183,2.25,2.25
2011.03.17 13:07:25.247,0.65153,0.65184,2.25,2.25
2011.03.17 13:07:25.754,0.65151,0.6518,2.25,2.25
2011.03.17 13:07:25.863,0.65146,0.65176,2.25,2.25
2011.03.17 13:07:26.375,0.65139,0.6517,2.25,2.25
2011.03.17 13:07:27.723,0.65138,0.6517,2.25,2.25
2011.03.17 13:07:28.393,0.6513,0.6516,2.25,2.25
2011.03.17 13:07:29.023,0.65129,0.65161,2.25,2.25
2011.03.17 13:07:29.354,0.65131,0.6516,2.25,2.25
2011.03.17 13:07:30.776,0.65139,0.6517,2.25,3.19
2011.03.17 13:07:30.885,0.6513,0.65161,2.25,2.44
2011.03.17 13:07:31.803,0.6513,0.65161,2.25,2.25
2011.03.17 13:07:31.925,0.65135,0.65165,2.25,2.44
2011.03.17 13:07:33.244,0.65138,0.6517,2.25,2.25
2011.03.17 13:07:33.573,0.65143,0.65172,2.25,2.44
2011.03.17 13:07:35.876,0.65145,0.65176,2.25,3.19
2011.03.17 13:07:36.676,0.65132,0.65163,2.25,2.25
2011.03.17 13:07:36.783,0.65131,0.65161,2.25,2.25
2011.03.17 13:07:37.235,0.65128,0.65158,2.25,2.25
2011.03.17 13:07:39.334,0.65128,0.65158,3.19,2.25
2011.03.17 13:07:39.553,0.65143,0.65173,2.25,2.44
2011.03.17 13:07:39.774,0.65143,0.65173,2.25,2.25
2011.03.17 13:07:39.883,0.65143,0.65178,2.25,2.25
2011.03.17 13:07:40.640,0.65143,0.65177,2.25,2.25
2011.03.17 13:07:41.014,0.6514,0.65172,2.25,2.25
2011.03.17 13:07:41.535,0.65143,0.65174,2.25,2.25
2011.03.17 13:07:42.835,0.65129,0.65161,2.25,2.25
2011.03.17 13:07:43.274,0.6513,0.65166,2.25,2.44
2011.03.17 13:07:43.495,0.65132,0.65165,2.25,2.44
2011.03.17 13:07:43.714,0.6513,0.65166,2.25,2.44
2011.03.17 13:07:44.633,0.6513,0.65166,2.25,2.44
2011.03.17 13:07:45.635,0.65122,0.65156,2.25,2.25
2011.03.17 13:07:46.183,0.65123,0.65156,2.25,2.25
2011.03.17 13:07:46.294,0.65121,0.65157,2.25,2.25
2011.03.17 13:07:46.977,0.65121,0.65157,2.40,2.25
2011.03.17 13:07:47.638,0.65121,0.65157,2.40,2.25
2011.03.17 13:07:47.965,0.65121,0.65157,2.59,2.25
2011.03.17 13:07:48.074,0.65131,0.65165,2.25,2.25
2011.03.17 13:07:52.753,0.65131,0.65165,2.25,3.19
2011.03.17 13:07:53.064,0.65122,0.65156,2.25,2.25
2011.03.17 13:07:53.548,0.65112,0.65148,2.25,2.25
2011.03.17 13:07:53.875,0.65109,0.65142,2.25,2.25
2011.03.17 13:07:54.206,0.65121,0.65157,2.25,2.25
2011.03.17 13:07:54.314,0.65121,0.65157,2.25,3.19
2011.03.17 13:07:54.423,0.65112,0.65148,2.25,2.25
2011.03.17 13:07:54.874,0.65109,0.65142,2.25,2.25
2011.03.17 13:07:55.204,0.65103,0.65139,2.44,2.25
2011.03.17 13:07:55.424,0.65109,0.65142,2.25,2.25
2011.03.17 13:07:55.644,0.65103,0.65139,2.25,2.25
2011.03.17 13:07:55.863,0.65109,0.65142,2.25,2.25
2011.03.17 13:07:56.083,0.65104,0.65138,2.25,2.25
2011.03.17 13:07:58.055,0.65099,0.65134,2.40,2.25
2011.03.17 13:07:58.164,0.65099,0.65134,2.25,2.25
2011.03.17 13:08:01.607,0.65099,0.65134,2.40,2.25
2011.03.17 13:08:03.234,0.65099,0.65134,2.25,2.25
2011.03.17 13:08:03.344,0.65099,0.65129,2.25,2.25
2011.03.17 13:08:03.795,0.65103,0.65132,2.25,2.25
2011.03.17 13:08:04.644,0.65098,0.65127,2.25,2.25
2011.03.17 13:08:07.073,0.65106,0.65137,2.25,2.44
2011.03.17 13:08:08.723,0.65098,0.65127,2.25,2.25
2011.03.17 13:08:08.877,0.65102,0.65133,2.25,2.25
2011.03.17 13:08:09.235,0.65098,0.65127,2.25,2.25
2011.03.17 13:08:09.953,0.65097,0.65127,2.25,2.25
2011.03.17 13:08:14.875,0.65109,0.65138,2.25,2.25
2011.03.17 13:08:15.204,0.65104,0.65137,2.25,2.25
2011.03.17 13:08:15.314,0.65106,0.65137,2.25,2.25
2011.03.17 13:08:16.184,0.65101,0.65134,2.25,2.25
2011.03.17 13:08:16.816,0.65101,0.65134,2.40,2.25
2011.03.17 13:08:17.394,0.65101,0.65134,2.40,2.25
2011.03.17 13:08:17.614,0.65103,0.65135,2.25,2.25
2011.03.17 13:08:17.943,0.65101,0.6513,2.25,2.25
2011.03.17 13:08:19.065,0.65101,0.65135,2.25,2.25
2011.03.17 13:08:19.514,0.65101,0.65135,3.57,2.25
2011.03.17 13:08:19.624,0.6512,0.65152,2.25,2.25
2011.03.17 13:08:19.734,0.6512,0.65152,2.25,2.44
2011.03.17 13:08:19.843,0.6511,0.65144,2.25,2.25
2011.03.17 13:08:20.064,0.65103,0.6514,2.25,2.25
2011.03.17 13:08:20.284,0.65111,0.65143,2.25,2.25
2011.03.17 13:08:20.613,0.65102,0.65141,2.25,2.25
2011.03.17 13:08:20.833,0.6511,0.65144,2.25,2.25
2011.03.17 13:08:21.053,0.65102,0.65141,2.25,2.25
2011.03.17 13:08:21.283,0.65102,0.65141,2.55,2.25
2011.03.17 13:08:21.614,0.65103,0.65137,2.25,2.25
2011.03.17 13:08:22.015,0.6511,0.6514,2.25,2.25
2011.03.17 13:08:22.123,0.65102,0.65138,2.25,2.25
2011.03.17 13:08:22.895,0.65102,0.65136,2.25,2.25
2011.03.17 13:08:23.253,0.65118,0.65149,2.25,2.25
2011.03.17 13:08:23.636,0.6511,0.65142,2.25,2.25
2011.03.17 13:08:23.743,0.65109,0.65138,2.25,2.25
2011.03.17 13:08:24.080,0.65112,0.65141,2.25,2.25
2011.03.17 13:08:24.414,0.65112,0.65143,2.25,2.25
2011.03.17 13:08:24.984,0.65113,0.65144,2.44,2.25
2011.03.17 13:08:25.314,0.65123,0.65152,2.25,3.19
2011.03.17 13:08:25.425,0.65114,0.65143,2.40,2.25
2011.03.17 13:08:26.255,0.65114,0.65143,2.25,2.25
2011.03.17 13:08:26.475,0.65118,0.65147,2.25,2.25
2011.03.17 13:08:27.114,0.65122,0.65153,2.25,2.25
2011.03.17 13:08:27.634,0.65123,0.65153,2.25,2.25
2011.03.17 13:08:28.464,0.65119,0.65148,2.25,2.25
2011.03.17 13:08:28.793,0.65117,0.65148,2.25,2.25
2011.03.17 13:08:28.904,0.65125,0.65154,2.25,2.44
2011.03.17 13:08:30.873,0.65123,0.65153,2.25,2.25
2011.03.17 13:08:35.784,0.65122,0.65151,2.25,2.44
2011.03.17 13:08:36.087,0.65118,0.65148,2.25,2.25
2011.03.17 13:08:36.196,0.65116,0.65145,2.25,2.25
2011.03.17 13:08:36.304,0.65114,0.65146,2.25,2.25
2011.03.17 13:08:39.975,0.65119,0.6515,2.25,2.25
2011.03.17 13:08:40.304,0.65123,0.65155,2.25,2.44
2011.03.17 13:08:40.744,0.6512,0.65149,2.25,2.25
2011.03.17 13:08:41.475,0.65116,0.65147,2.40,2.25
2011.03.17 13:08:42.314,0.65122,0.65151,2.25,2.25
2011.03.17 13:08:42.919,0.65125,0.65156,2.25,2.44
2011.03.17 13:08:44.035,0.65125,0.65156,2.25,3.19
2011.03.17 13:08:44.144,0.65112,0.65143,2.25,2.25
2011.03.17 13:08:45.804,0.65125,0.65156,2.25,2.25
2011.03.17 13:08:47.997,0.65125,0.65156,2.40,2.25
2011.03.17 13:08:48.103,0.65125,0.65156,2.25,2.25
2011.03.17 13:08:48.324,0.65131,0.6516,2.25,2.44
2011.03.17 13:08:49.224,0.65131,0.65161,2.25,2.25
2011.03.17 13:08:49.334,0.65129,0.65158,2.25,2.25
2011.03.17 13:08:49.717,0.65132,0.65161,2.25,2.25
2011.03.17 13:08:50.384,0.65132,0.65163,2.25,2.25
2011.03.17 13:08:50.604,0.65138,0.65167,2.25,2.25
2011.03.17 13:08:50.934,0.6514,0.65169,2.25,2.25
2011.03.17 13:08:51.543,0.65135,0.65165,2.25,2.25
2011.03.17 13:08:52.854,0.65137,0.65167,2.25,2.25
2011.03.17 13:08:54.935,0.65132,0.65162,2.25,2.44
2011.03.17 13:08:55.264,0.65122,0.65154,2.40,2.25
2011.03.17 13:08:55.374,0.65116,0.65151,2.40,2.25
2011.03.17 13:08:55.484,0.65116,0.65151,2.55,2.25
2011.03.17 13:08:55.594,0.65122,0.65154,2.40,2.25
2011.03.17 13:08:56.914,0.65131,0.65163,2.25,2.25
2011.03.17 13:08:58.556,0.65137,0.65167,2.25,2.25
2011.03.17 13:08:59.393,0.65141,0.65172,2.25,2.44
2011.03.17 13:09:01.058,0.65144,0.65173,2.25,3.19
2011.03.17 13:09:01.273,0.65142,0.65173,2.25,3.19
2011.03.17 13:09:01.604,0.65145,0.65177,2.25,2.25
2011.03.17 13:09:03.808,0.65147,0.65177,2.25,2.25
2011.03.17 13:09:06.073,0.65149,0.65181,2.25,2.44
2011.03.17 13:09:07.994,0.65145,0.65176,2.25,2.25
2011.03.17 13:09:09.313,0.6515,0.6518,2.25,2.44
2011.03.17 13:09:11.514,0.65154,0.65185,2.25,2.25
2011.03.17 13:09:12.295,0.65159,0.65189,2.25,3.19
2011.03.17 13:09:12.864,0.65158,0.65189,2.25,3.19
2011.03.17 13:09:13.196,0.65153,0.65184,2.25,2.44
2011.03.17 13:09:13.305,0.65149,0.6518,2.25,2.25
2011.03.17 13:09:15.514,0.65148,0.65177,2.25,2.25
2011.03.17 13:09:15.623,0.65145,0.65175,2.25,2.25
2011.03.17 13:09:16.206,0.65144,0.65175,2.25,2.25
2011.03.17 13:09:16.697,0.65144,0.65175,2.25,2.44
2011.03.17 13:09:17.024,0.65139,0.6517,2.25,2.25
2011.03.17 13:09:17.424,0.65132,0.65168,2.40,2.25
2011.03.17 13:09:17.754,0.6514,0.65169,2.25,2.25
2011.03.17 13:09:19.393,0.65145,0.65174,2.25,2.25
2011.03.17 13:09:19.724,0.6514,0.65169,2.40,2.25
2011.03.17 13:09:20.197,0.6514,0.65169,2.25,2.25
2011.03.17 13:09:20.935,0.6514,0.65169,2.40,2.25
2011.03.17 13:09:21.846,0.6514,0.65169,2.25,2.25
2011.03.17 13:09:22.173,0.65136,0.65167,2.40,2.25
2011.03.17 13:09:22.503,0.65131,0.65162,2.55,2.25
2011.03.17 13:09:24.424,0.65131,0.65162,2.40,2.25
2011.03.17 13:09:24.644,0.65128,0.65159,2.40,2.25
2011.03.17 13:09:24.755,0.65124,0.65158,2.40,2.25
2011.03.17 13:09:25.084,0.65124,0.65157,2.55,2.25
2011.03.17 13:09:25.726,0.65124,0.65157,2.55,2.25
2011.03.17 13:09:26.356,0.65124,0.65157,2.55,2.25
2011.03.17 13:09:26.685,0.65127,0.65158,2.70,2.25
2011.03.17 13:09:26.904,0.65128,0.65158,2.40,2.25
2011.03.17 13:09:27.385,0.65127,0.65159,2.70,2.25
2011.03.17 13:09:27.948,0.65127,0.65158,2.40,2.25
2011.03.17 13:09:28.580,0.65127,0.65158,2.70,2.25
2011.03.17 13:09:31.724,0.65127,0.65158,2.55,2.25
2011.03.17 13:09:33.075,0.65127,0.65158,2.70,2.25
2011.03.17 13:09:33.184,0.65127,0.65158,2.40,2.25
2011.03.17 13:09:33.405,0.65129,0.65163,2.40,2.25
2011.03.17 13:09:34.248,0.65129,0.65163,2.55,2.25
2011.03.17 13:09:36.084,0.65134,0.65166,2.40,2.25
2011.03.17 13:09:36.196,0.65134,0.65166,2.25,2.25
2011.03.17 13:09:36.416,0.65139,0.65171,2.25,2.25
2011.03.17 13:09:36.634,0.65142,0.65176,2.25,2.25
2011.03.17 13:09:37.564,0.65142,0.65171,2.25,2.25
2011.03.17 13:09:38.834,0.65145,0.65177,2.25,2.25
2011.03.17 13:09:39.784,0.65145,0.65177,2.25,3.19
2011.03.17 13:09:39.894,0.65136,0.65168,2.40,2.25
2011.03.17 13:09:40.225,0.65136,0.65168,2.25,3.19
2011.03.17 13:09:40.506,0.65133,0.65162,2.25,2.25
2011.03.17 13:09:40.615,0.65137,0.65167,2.25,2.25
2011.03.17 13:09:45.484,0.65137,0.65167,2.44,2.25
2011.03.17 13:09:45.914,0.65145,0.65177,2.25,2.44
2011.03.17 13:09:46.244,0.65145,0.65177,2.25,3.19
2011.03.17 13:09:46.356,0.65137,0.65167,2.25,2.25
2011.03.17 13:09:46.464,0.65137,0.65167,2.25,3.19
2011.03.17 13:09:46.795,0.65133,0.65164,2.25,2.25
2011.03.17 13:09:47.123,0.65138,0.65167,2.25,2.44
2011.03.17 13:09:48.154,0.65133,0.65164,2.25,2.25
2011.03.17 13:09:50.184,0.65137,0.65168,2.25,2.44
2011.03.17 13:09:50.784,0.65136,0.65165,2.25,2.25
2011.03.17 13:09:52.474,0.65136,0.65165,2.25,2.44
2011.03.17 13:09:52.585,0.65132,0.65163,2.40,2.44
2011.03.17 13:09:54.624,0.65135,0.65164,2.25,2.44
2011.03.17 13:09:55.035,0.65136,0.65167,2.25,2.25
2011.03.17 13:09:55.363,0.6514,0.65171,2.25,2.44
2011.03.17 13:09:55.694,0.65142,0.65173,2.25,2.44
2011.03.17 13:09:55.805,0.65133,0.65164,2.25,2.25
2011.03.17 13:09:56.353,0.65132,0.65163,2.25,2.25
2011.03.17 13:09:56.953,0.65136,0.65168,2.25,2.44
2011.03.17 13:09:58.747,0.65142,0.65172,2.25,2.25
2011.03.17 13:09:59.085,0.65145,0.65176,2.25,2.44
2011.03.17 13:10:00.764,0.65141,0.65173,2.25,2.44
2011.03.17 13:10:01.766,0.6513,0.65165,2.25,2.25
2011.03.17 13:10:02.094,0.65137,0.65169,2.25,2.44
2011.03.17 13:10:02.314,0.65132,0.65164,2.25,2.25
2011.03.17 13:10:03.165,0.6513,0.65161,2.40,2.25
2011.03.17 13:10:03.384,0.65118,0.65154,2.40,2.44
2011.03.17 13:10:03.495,0.65126,0.65157,2.25,2.25
2011.03.17 13:10:04.944,0.65125,0.65154,2.25,2.25
2011.03.17 13:10:05.054,0.65134,0.65165,2.25,2.25
2011.03.17 13:10:07.614,0.65137,0.65166,2.25,2.25
2011.03.17 13:10:11.094,0.65139,0.6517,2.25,2.25
2011.03.17 13:10:11.434,0.65141,0.65173,2.25,2.44
2011.03.17 13:10:11.875,0.65143,0.65172,2.25,2.44
2011.03.17 13:10:13.653,0.65141,0.65173,2.25,2.25
2011.03.17 13:10:13.765,0.65144,0.65176,2.25,2.25
2011.03.17 13:10:14.334,0.65145,0.65176,2.25,2.25
2011.03.17 13:10:14.896,0.65147,0.65177,2.25,2.25
2011.03.17 13:10:17.664,0.65142,0.65173,2.25,2.25
2011.03.17 13:10:19.905,0.65138,0.6517,2.25,2.25
2011.03.17 13:10:20.014,0.65144,0.65173,2.25,2.25
2011.03.17 13:10:20.446,0.65146,0.65175,2.25,2.25
2011.03.17 13:10:21.310,0.65146,0.65177,2.25,2.25
2011.03.17 13:10:21.885,0.65146,0.65175,2.25,2.25
2011.03.17 13:10:24.944,0.65146,0.65177,2.25,2.25
2011.03.17 13:10:25.484,0.65144,0.65173,2.25,2.25
2011.03.17 13:10:25.815,0.65147,0.65176,2.25,2.25
2011.03.17 13:10:29.194,0.65146,0.65177,2.25,2.25
2011.03.17 13:10:29.524,0.65149,0.65178,2.25,2.25
2011.03.17 13:10:32.113,0.65149,0.6518,2.25,2.44
2011.03.17 13:10:36.454,0.65149,0.65178,2.25,2.25
2011.03.17 13:10:37.792,0.6515,0.6518,2.25,2.44
2011.03.17 13:10:49.834,0.65154,0.65185,2.25,2.44
2011.03.17 13:10:50.164,0.6515,0.6518,2.25,2.25
2011.03.17 13:10:52.165,0.65151,0.6518,2.25,2.25
2011.03.17 13:10:52.605,0.65156,0.65185,2.25,2.25
2011.03.17 13:10:53.984,0.65156,0.6519,2.25,2.44
2011.03.17 13:10:54.204,0.65159,0.6519,2.25,2.44
2011.03.17 13:10:59.503,0.65157,0.65188,2.25,2.44
2011.03.17 13:11:00.019,0.65156,0.65186,2.25,2.25
2011.03.17 13:11:00.126,0.65153,0.65183,2.25,2.25
2011.03.17 13:11:00.454,0.65156,0.65185,2.25,2.25
2011.03.17 13:11:01.063,0.65155,0.65186,2.25,2.25
2011.03.17 13:11:03.244,0.65155,0.65186,2.25,3.19
2011.03.17 13:11:03.465,0.65145,0.65177,2.25,2.25
2011.03.17 13:11:03.794,0.6514,0.65174,2.25,2.25
2011.03.17 13:11:04.014,0.65137,0.65168,2.25,2.25
2011.03.17 13:11:07.505,0.65139,0.65171,2.25,2.25
2011.03.17 13:11:07.615,0.65141,0.6517,2.25,2.25
2011.03.17 13:11:07.944,0.6515,0.65181,2.25,2.44
2011.03.17 13:11:08.267,0.65141,0.65172,2.40,2.44
2011.03.17 13:11:09.486,0.65141,0.65172,2.40,2.44
2011.03.17 13:11:09.814,0.65141,0.65172,2.40,2.25
2011.03.17 13:11:09.925,0.65154,0.65186,2.25,2.44
2011.03.17 13:11:10.493,0.65155,0.65184,2.25,2.44
2011.03.17 13:11:10.603,0.65151,0.65183,2.25,2.44
2011.03.17 13:11:10.713,0.65154,0.65185,2.25,2.44
2011.03.17 13:11:11.045,0.65158,0.65187,2.25,3.19
2011.03.17 13:11:14.295,0.65157,0.65188,2.25,3.19
2011.03.17 13:11:14.916,0.65158,0.65187,2.25,3.19
2011.03.17 13:11:15.685,0.65158,0.65187,2.25,3.19
2011.03.17 13:11:15.904,0.65144,0.65181,2.25,2.44
2011.03.17 13:11:16.014,0.65144,0.65181,2.25,2.25
2011.03.17 13:11:16.565,0.65144,0.65173,2.25,2.25
2011.03.17 13:11:17.064,0.65141,0.65172,2.25,2.25
2011.03.17 13:11:17.394,0.6514,0.6517,2.40,2.25
2011.03.17 13:11:17.964,0.6514,0.6517,2.25,2.25
2011.03.17 13:11:18.184,0.65149,0.65179,2.25,2.25
2011.03.17 13:11:18.514,0.65153,0.65184,2.25,3.19
2011.03.17 13:11:21.844,0.65154,0.65186,2.25,3.19
2011.03.17 13:11:22.416,0.65153,0.65184,2.25,3.19
2011.03.17 13:11:27.036,0.6515,0.65179,2.25,2.25
2011.03.17 13:11:31.164,0.65152,0.65182,2.25,2.44
2011.03.17 13:11:33.973,0.65153,0.65182,2.25,2.44
2011.03.17 13:11:37.124,0.65152,0.65182,2.25,2.44
2011.03.17 13:11:41.584,0.65152,0.65182,2.25,3.19
2011.03.17 13:11:41.694,0.65139,0.65176,2.40,2.44
2011.03.17 13:11:42.590,0.65139,0.65176,2.40,2.44
2011.03.17 13:11:43.158,0.65139,0.65176,2.25,2.44
2011.03.17 13:11:43.263,0.65139,0.65176,2.25,2.25
2011.03.17 13:11:45.704,0.65138,0.65169,2.25,2.25
2011.03.17 13:11:46.034,0.65137,0.65167,2.25,2.25
2011.03.17 13:11:46.765,0.65137,0.65168,2.25,2.25
2011.03.17 13:11:47.314,0.65128,0.65157,2.40,2.25
2011.03.17 13:11:47.425,0.65129,0.65158,2.25,2.25
2011.03.17 13:11:47.644,0.65124,0.65154,2.25,2.25
2011.03.17 13:11:47.755,0.65121,0.6515,2.25,2.25
2011.03.17 13:11:47.974,0.65115,0.65146,2.25,2.25
2011.03.17 13:11:48.709,0.65114,0.65146,2.25,2.25
2011.03.17 13:11:49.143,0.65113,0.65144,2.25,2.25
2011.03.17 13:11:52.665,0.65115,0.65144,2.25,2.25
2011.03.17 13:11:53.280,0.65116,0.65152,2.25,2.25
2011.03.17 13:11:53.774,0.65116,0.65152,2.55,2.25
2011.03.17 13:11:53.883,0.65118,0.65155,2.40,2.25
2011.03.17 13:11:54.453,0.6512,0.65154,2.40,2.25
2011.03.17 13:11:55.034,0.65132,0.65161,2.25,2.25
2011.03.17 13:11:56.743,0.65135,0.65166,2.25,2.25
2011.03.17 13:11:58.604,0.65153,0.65184,2.25,2.44
2011.03.17 13:11:58.933,0.65148,0.6518,2.25,2.44
2011.03.17 13:11:59.558,0.65146,0.65176,2.25,2.25
2011.03.17 13:12:00.484,0.65148,0.6518,2.25,2.44
2011.03.17 13:12:01.164,0.65153,0.65184,2.25,2.44
2011.03.17 13:12:01.504,0.65153,0.65184,2.25,2.25
2011.03.17 13:12:01.614,0.65158,0.65188,2.25,2.44
2011.03.17 13:12:02.185,0.65152,0.65185,2.25,2.25
2011.03.17 13:12:02.411,0.6515,0.65187,2.25,2.25
2011.03.17 13:12:03.286,0.65151,0.65182,2.25,2.25
2011.03.17 13:12:03.905,0.65151,0.65182,2.40,2.25
2011.03.17 13:12:04.235,0.65151,0.65186,2.25,2.25
2011.03.17 13:12:04.864,0.65155,0.65186,2.25,2.25
2011.03.17 13:12:06.624,0.65151,0.65182,2.25,2.25
2011.03.17 13:12:06.844,0.65154,0.65187,2.25,2.25
2011.03.17 13:12:07.954,0.65157,0.6519,2.25,2.44
2011.03.17 13:12:08.775,0.65158,0.65189,2.25,2.44
2011.03.17 13:12:09.383,0.65162,0.65194,2.25,2.44
2011.03.17 13:12:10.514,0.65159,0.65192,2.25,2.25
2011.03.17 13:12:13.785,0.65159,0.65192,3.19,2.25
2011.03.17 13:12:14.172,0.65168,0.65201,2.25,2.44
2011.03.17 13:12:14.276,0.65164,0.65195,2.25,2.25
2011.03.17 13:12:15.148,0.65169,0.652,2.25,2.25
2011.03.17 13:12:15.603,0.65167,0.65198,2.25,2.25
2011.03.17 13:12:17.504,0.65167,0.65198,2.25,3.19
2011.03.17 13:12:17.613,0.65162,0.65194,2.25,2.44
2011.03.17 13:12:18.685,0.6516,0.65193,2.25,2.25
2011.03.17 13:12:20.947,0.65161,0.65192,2.25,2.25
2011.03.17 13:12:21.354,0.65154,0.65189,3.19,2.25
2011.03.17 13:12:21.466,0.65153,0.65186,2.25,2.25
2011.03.17 13:12:21.573,0.65155,0.65189,2.25,2.44
2011.03.17 13:12:22.134,0.65154,0.65188,2.25,2.25
2011.03.17 13:12:22.244,0.65153,0.65184,2.25,2.25
2011.03.17 13:12:25.364,0.65154,0.65187,2.25,2.25
2011.03.17 13:12:25.645,0.65154,0.65187,2.40,2.25
2011.03.17 13:12:26.195,0.65154,0.65187,2.25,2.25
2011.03.17 13:12:27.724,0.65152,0.65185,2.44,2.25
2011.03.17 13:12:28.297,0.65142,0.65176,2.25,2.25
2011.03.17 13:12:28.756,0.65143,0.65174,2.40,2.25
2011.03.17 13:12:28.864,0.65143,0.65174,2.25,2.25
2011.03.17 13:12:29.141,0.65143,0.65174,2.40,2.25
2011.03.17 13:12:29.245,0.65143,0.65176,2.40,2.25
2011.03.17 13:12:29.986,0.65144,0.65175,2.40,2.25
2011.03.17 13:12:30.586,0.65144,0.65175,2.40,2.25
2011.03.17 13:12:31.424,0.65144,0.65175,2.40,2.25
2011.03.17 13:12:32.504,0.65144,0.65175,2.25,2.25
2011.03.17 13:12:33.948,0.65144,0.65175,2.25,2.44
2011.03.17 13:12:34.165,0.65139,0.65171,2.40,2.25
2011.03.17 13:12:34.718,0.65139,0.65171,2.40,2.44
2011.03.17 13:12:34.825,0.65139,0.65171,2.25,2.44
2011.03.17 13:12:34.935,0.65124,0.65167,2.55,2.25
2011.03.17 13:12:35.154,0.6513,0.65162,2.40,2.25
2011.03.17 13:12:35.636,0.6513,0.65162,2.25,2.25
2011.03.17 13:12:36.414,0.6513,0.65162,2.40,2.25
2011.03.17 13:12:37.585,0.65135,0.65166,2.25,2.25
2011.03.17 13:12:39.634,0.6514,0.6517,2.25,2.25
2011.03.17 13:12:40.184,0.6514,0.65171,2.25,2.25
2011.03.17 13:12:40.756,0.65139,0.65172,2.25,2.25
2011.03.17 13:12:41.265,0.65136,0.65169,2.44,2.25
2011.03.17 13:12:42.048,0.65137,0.6517,2.25,2.25
2011.03.17 13:12:43.054,0.65137,0.6517,2.25,3.19
2011.03.17 13:12:43.384,0.65135,0.65166,2.25,2.25
2011.03.17 13:12:43.956,0.65134,0.65166,2.25,2.25
2011.03.17 13:12:44.464,0.65135,0.65166,2.25,2.25
2011.03.17 13:12:44.574,0.65132,0.65165,2.40,2.25
2011.03.17 13:12:45.464,0.65138,0.65168,2.25,2.44
2011.03.17 13:12:45.825,0.65134,0.65166,2.25,2.25
2011.03.17 13:12:46.044,0.65132,0.65164,2.25,2.25
2011.03.17 13:12:46.595,0.6513,0.65163,2.44,2.25
2011.03.17 13:12:48.175,0.65131,0.65164,2.44,2.25
2011.03.17 13:12:48.684,0.65131,0.65163,2.44,2.25
2011.03.17 13:12:50.328,0.6513,0.65161,2.44,2.25
2011.03.17 13:12:50.765,0.65134,0.65165,2.25,2.44
2011.03.17 13:12:50.873,0.65128,0.65161,2.25,2.25
2011.03.17 13:12:50.983,0.6513,0.65161,2.25,2.25
2011.03.17 13:12:51.094,0.65125,0.6516,2.25,2.25
2011.03.17 13:12:51.564,0.6512,0.65155,2.25,2.25
2011.03.17 13:12:52.825,0.65111,0.65146,2.40,1.50
2011.03.17 13:12:54.166,0.65111,0.65146,2.40,2.25
2011.03.17 13:12:55.222,0.65116,0.65151,2.25,2.25
2011.03.17 13:12:55.734,0.65116,0.6515,2.25,2.25
2011.03.17 13:12:56.076,0.65115,0.65148,2.25,2.25
2011.03.17 13:12:56.405,0.65121,0.65152,2.25,2.25
2011.03.17 13:12:56.515,0.65124,0.65157,2.25,2.25
2011.03.17 13:12:58.434,0.65127,0.6516,2.25,2.25
2011.03.17 13:12:59.615,0.65117,0.65151,2.44,2.25
2011.03.17 13:12:59.984,0.65117,0.65151,2.25,2.25
2011.03.17 13:13:00.095,0.65114,0.65146,2.25,2.25
2011.03.17 13:13:00.314,0.65116,0.65149,2.25,2.25
2011.03.17 13:13:01.785,0.65124,0.65154,2.25,2.25
2011.03.17 13:13:01.895,0.65129,0.65161,2.25,2.25
2011.03.17 13:13:02.436,0.65129,0.65162,2.25,2.25
2011.03.17 13:13:02.967,0.65129,0.65162,2.25,3.19
2011.03.17 13:13:03.077,0.65119,0.65153,2.25,2.25
2011.03.17 13:13:03.294,0.65116,0.65149,2.25,2.25
2011.03.17 13:13:03.984,0.65116,0.65147,2.25,2.25
2011.03.17 13:13:04.315,0.65106,0.65137,2.25,2.25
2011.03.17 13:13:04.424,0.65104,0.65137,2.25,2.25
2011.03.17 13:13:04.865,0.65106,0.65142,2.25,2.25
2011.03.17 13:13:04.974,0.65106,0.6514,2.25,2.25
2011.03.17 13:13:05.515,0.65105,0.6514,2.25,2.25
2011.03.17 13:13:05.849,0.65101,0.65135,2.40,2.25
2011.03.17 13:13:06.418,0.65101,0.65135,2.55,2.25
2011.03.17 13:13:06.686,0.65101,0.65135,2.40,2.25
2011.03.17 13:13:07.454,0.65101,0.65135,2.40,2.25
2011.03.17 13:13:10.134,0.65106,0.65139,2.25,2.25
2011.03.17 13:13:10.598,0.6511,0.65144,2.25,2.44
2011.03.17 13:13:11.604,0.65114,0.65145,2.25,2.44
2011.03.17 13:13:12.174,0.65114,0.65145,2.25,2.25
2011.03.17 13:13:12.394,0.6511,0.65146,2.25,2.25
2011.03.17 13:13:18.594,0.6511,0.65142,2.25,2.25
2011.03.17 13:13:18.925,0.65106,0.65139,2.40,2.25
2011.03.17 13:13:19.543,0.65105,0.65138,2.40,2.25
2011.03.17 13:13:19.656,0.65104,0.6514,2.40,2.44
2011.03.17 13:13:19.875,0.65104,0.65138,2.25,2.25
2011.03.17 13:13:19.985,0.65104,0.65138,2.40,2.25
2011.03.17 13:13:20.094,0.65104,0.65141,2.40,2.44
2011.03.17 13:13:20.424,0.65105,0.65139,2.25,2.25
2011.03.17 13:13:21.206,0.65104,0.65139,2.25,2.25
2011.03.17 13:13:21.795,0.65105,0.65139,2.25,2.25
2011.03.17 13:13:22.468,0.65105,0.65139,2.40,2.25
2011.03.17 13:13:22.752,0.65105,0.65139,2.25,2.25
2011.03.17 13:13:24.285,0.65105,0.65139,3.19,2.25
2011.03.17 13:13:24.396,0.65115,0.65147,2.25,2.25
2011.03.17 13:13:24.505,0.65107,0.65145,3.49,2.25
2011.03.17 13:13:25.297,0.65107,0.65145,3.34,2.25
2011.03.17 13:13:27.754,0.65107,0.65144,3.19,2.25
2011.03.17 13:13:28.755,0.65106,0.65144,2.25,2.25
2011.03.17 13:13:29.083,0.65108,0.65143,2.25,2.25
2011.03.17 13:13:29.986,0.65104,0.65138,2.25,2.25
2011.03.17 13:13:30.205,0.65102,0.65139,2.25,2.25
2011.03.17 13:13:32.083,0.65101,0.65137,2.40,2.25
2011.03.17 13:13:32.634,0.65109,0.65143,2.25,2.25
2011.03.17 13:13:33.187,0.6511,0.65147,2.40,2.25
2011.03.17 13:13:33.404,0.65109,0.65146,2.25,2.25
2011.03.17 13:13:33.955,0.65107,0.65144,2.25,2.25
2011.03.17 13:13:34.635,0.65105,0.65138,2.25,2.25
2011.03.17 13:13:34.854,0.65108,0.65143,2.25,2.25
2011.03.17 13:13:35.686,0.6511,0.65145,2.25,2.25
2011.03.17 13:13:36.154,0.65108,0.6514,2.25,2.25
2011.03.17 13:13:36.755,0.65105,0.65141,2.25,2.25
2011.03.17 13:13:36.865,0.65105,0.65141,2.40,2.25
2011.03.17 13:13:37.406,0.65104,0.65134,2.25,2.25
2011.03.17 13:13:37.515,0.65091,0.65128,2.55,2.25
2011.03.17 13:13:37.734,0.65091,0.65128,2.40,2.25
2011.03.17 13:13:38.664,0.65089,0.65123,2.25,2.25
2011.03.17 13:13:38.933,0.65086,0.65123,2.40,2.25
2011.03.17 13:13:39.974,0.65086,0.65123,2.40,2.25
2011.03.17 13:13:40.655,0.65087,0.65122,2.40,2.25
2011.03.17 13:13:41.764,0.65088,0.65125,2.25,2.25
2011.03.17 13:13:46.514,0.65086,0.65125,2.40,2.25
2011.03.17 13:13:47.666,0.65089,0.65125,2.40,2.25
2011.03.17 13:13:47.995,0.651,0.65133,2.25,2.25
2011.03.17 13:13:48.295,0.65096,0.65128,2.25,2.25
2011.03.17 13:13:48.868,0.65101,0.65132,2.25,2.25
2011.03.17 13:13:49.096,0.65107,0.65143,2.25,2.25
2011.03.17 13:13:49.315,0.65106,0.65136,2.25,2.25
2011.03.17 13:13:52.294,0.65108,0.65141,2.25,2.25
2011.03.17 13:13:52.404,0.65105,0.65137,2.25,2.25
2011.03.17 13:13:54.224,0.65103,0.65135,2.25,2.25
2011.03.17 13:13:54.607,0.65106,0.65136,2.25,2.25
2011.03.17 13:13:54.935,0.6511,0.65141,2.25,2.25
2011.03.17 13:13:55.474,0.65109,0.6514,2.25,2.25
2011.03.17 13:13:59.025,0.6511,0.65143,2.25,2.25
2011.03.17 13:13:59.135,0.65115,0.65146,2.25,2.25
2011.03.17 13:13:59.465,0.6512,0.65151,2.25,2.25
2011.03.17 13:14:01.018,0.65119,0.65149,2.25,2.25
2011.03.17 13:14:01.234,0.65117,0.6515,2.25,2.25
2011.03.17 13:14:01.344,0.65113,0.65144,2.25,2.25
2011.03.17 13:14:01.564,0.65106,0.65142,2.25,2.25
2011.03.17 13:14:03.044,0.65106,0.65142,2.40,2.25
2011.03.17 13:14:03.484,0.65103,0.6514,2.25,2.25
2011.03.17 13:14:03.814,0.65102,0.65137,2.25,2.25
2011.03.17 13:14:03.924,0.651,0.65137,2.25,2.25
2011.03.17 13:14:04.786,0.65102,0.65138,2.25,2.25
2011.03.17 13:14:04.894,0.65095,0.65133,2.25,2.25
2011.03.17 13:14:06.214,0.65095,0.65131,2.25,2.25
2011.03.17 13:14:07.937,0.65097,0.65133,2.25,2.25
2011.03.17 13:14:08.264,0.65095,0.65133,2.25,2.25
2011.03.17 13:14:08.808,0.65095,0.65132,2.25,2.25
2011.03.17 13:14:08.927,0.65095,0.65138,2.25,2.25
2011.03.17 13:14:09.607,0.65095,0.65137,2.25,2.25
2011.03.17 13:14:09.915,0.65097,0.65137,2.25,2.25
2011.03.17 13:14:10.625,0.651,0.65136,2.25,2.25
2011.03.17 13:14:11.118,0.65099,0.65137,2.40,2.25
2011.03.17 13:14:11.225,0.65099,0.65137,2.25,2.25
2011.03.17 13:14:11.554,0.65101,0.6514,2.25,2.25
2011.03.17 13:14:11.664,0.65102,0.65138,2.25,2.25
2011.03.17 13:14:12.214,0.65103,0.65139,2.25,2.25
2011.03.17 13:14:12.955,0.65103,0.6514,2.25,2.25
2011.03.17 13:14:13.435,0.65105,0.65141,2.25,2.25
2011.03.17 13:14:14.985,0.65106,0.65141,2.25,2.25
2011.03.17 13:14:16.041,0.65103,0.6514,2.25,2.25
2011.03.17 13:14:17.631,0.65103,0.6514,2.40,2.25
2011.03.17 13:14:18.228,0.65106,0.65141,2.25,2.25
2011.03.17 13:14:19.203,0.65106,0.6514,2.25,2.25
2011.03.17 13:14:19.314,0.65104,0.6514,2.25,2.25
2011.03.17 13:14:22.424,0.65102,0.65137,2.40,2.25
2011.03.17 13:14:22.534,0.65103,0.65139,2.25,2.25
2011.03.17 13:14:22.644,0.65106,0.6514,2.25,2.25
2011.03.17 13:14:23.373,0.65106,0.6514,2.40,2.25
2011.03.17 13:14:23.886,0.65107,0.65141,2.25,2.25
2011.03.17 13:14:24.432,0.65106,0.6514,2.40,2.25
2011.03.17 13:14:24.764,0.65101,0.65138,2.55,2.25
2011.03.17 13:14:24.874,0.65106,0.6514,2.40,2.25
2011.03.17 13:14:25.827,0.65106,0.6514,2.40,2.25
2011.03.17 13:14:26.234,0.65104,0.65138,2.40,2.25
2011.03.17 13:14:26.344,0.65104,0.65138,2.25,2.25
2011.03.17 13:14:26.470,0.65104,0.65138,2.40,2.25
2011.03.17 13:14:27.645,0.65099,0.65135,2.55,2.25
2011.03.17 13:14:27.756,0.65099,0.65139,2.55,2.25
2011.03.17 13:14:28.547,0.65103,0.65138,2.40,2.25
2011.03.17 13:14:29.785,0.65109,0.65143,2.25,2.25
2011.03.17 13:14:30.005,0.65103,0.65138,2.40,2.25
2011.03.17 13:14:30.334,0.65098,0.65134,2.55,2.25
2011.03.17 13:14:31.036,0.65099,0.65134,2.55,2.25
2011.03.17 13:14:32.364,0.65104,0.6514,2.40,2.25
2011.03.17 13:14:32.474,0.651,0.65136,2.55,2.25
2011.03.17 13:14:33.414,0.651,0.65136,2.40,2.25
2011.03.17 13:14:33.525,0.651,0.65136,2.55,2.25
2011.03.17 13:14:34.366,0.65099,0.65138,2.55,2.25
2011.03.17 13:14:35.035,0.65099,0.65135,2.55,2.25
2011.03.17 13:14:35.584,0.65101,0.65135,2.55,2.25
2011.03.17 13:14:35.694,0.65102,0.65138,2.40,2.25
2011.03.17 13:14:36.515,0.65102,0.65138,2.25,2.25
2011.03.17 13:14:36.640,0.65101,0.65136,2.40,2.25
2011.03.17 13:14:37.204,0.65118,0.65155,2.25,2.25
2011.03.17 13:14:40.595,0.65116,0.65153,2.25,2.25
2011.03.17 13:14:41.368,0.65116,0.65152,2.25,2.25
2011.03.17 13:14:41.974,0.65116,0.65153,2.25,2.25
2011.03.17 13:14:42.194,0.65116,0.65156,2.40,2.25
2011.03.17 13:14:42.866,0.65117,0.65156,2.25,2.25
2011.03.17 13:14:45.435,0.65116,0.65156,2.25,2.25
2011.03.17 13:14:45.545,0.65112,0.6515,2.25,2.25
2011.03.17 13:14:45.874,0.65119,0.65153,2.25,2.25
2011.03.17 13:14:45.984,0.65112,0.65148,2.25,2.25
2011.03.17 13:14:46.425,0.65113,0.65157,2.25,2.25
2011.03.17 13:14:46.784,0.65111,0.65149,2.25,2.25
2011.03.17 13:14:47.114,0.65113,0.65149,2.25,2.25
2011.03.17 13:14:47.805,0.65112,0.6515,2.25,2.25
2011.03.17 13:14:48.134,0.65112,0.65147,2.25,2.25
2011.03.17 13:14:48.355,0.65108,0.65145,2.25,2.25
2011.03.17 13:14:49.774,0.65108,0.65145,2.40,2.25
2011.03.17 13:14:50.444,0.65096,0.65159,2.85,2.40
2011.03.17 13:14:51.074,0.65095,0.65158,2.70,2.40
2011.03.17 13:14:52.465,0.65096,0.65159,2.85,2.40
2011.03.17 13:14:52.574,0.65096,0.65159,2.70,2.40
2011.03.17 13:14:52.685,0.65096,0.65159,2.70,2.55
2011.03.17 13:14:53.291,0.651,0.65166,2.55,2.55
2011.03.17 13:14:53.395,0.65101,0.65164,2.70,2.40
2011.03.17 13:14:55.235,0.65093,0.65179,2.70,2.85
2011.03.17 13:14:55.345,0.65093,0.65179,3.00,2.70
2011.03.17 13:14:55.694,0.65095,0.65182,2.85,2.85
2011.03.17 13:14:56.025,0.65095,0.65182,3.00,2.70
2011.03.17 13:14:56.455,0.65095,0.65182,2.70,3.00
2011.03.17 13:14:56.805,0.65087,0.65173,2.85,2.55
2011.03.17 13:14:57.025,0.65089,0.65177,2.85,2.85
2011.03.17 13:14:58.635,0.65085,0.65174,2.85,2.85
2011.03.17 13:14:59.074,0.6508,0.65169,3.00,2.85
2011.03.17 13:14:59.260,0.6508,0.65169,2.85,3.00
2011.03.17 13:15:00.356,0.6508,0.65172,2.85,2.85
2011.03.17 13:15:00.711,0.65075,0.65163,2.85,2.85
2011.03.17 13:15:01.055,0.65064,0.65159,2.85,2.70
2011.03.17 13:15:01.474,0.65064,0.65159,2.70,2.85
2011.03.17 13:15:01.805,0.65064,0.65159,3.00,2.70
2011.03.17 13:15:02.254,0.65066,0.65165,2.85,2.85
2011.03.17 13:15:02.365,0.65066,0.65165,3.00,2.85
2011.03.17 13:15:02.754,0.65066,0.65165,2.85,3.00
2011.03.17 13:15:03.133,0.65074,0.65166,2.70,3.00
2011.03.17 13:15:03.684,0.65075,0.65166,2.70,2.85
2011.03.17 13:15:04.384,0.65074,0.65165,2.85,2.85
2011.03.17 13:15:04.605,0.65073,0.65167,2.70,2.85
2011.03.17 13:15:04.714,0.65084,0.65152,2.70,2.25
2011.03.17 13:15:04.934,0.65086,0.65155,2.70,2.25
2011.03.17 13:15:05.044,0.65086,0.65155,2.55,2.40
2011.03.17 13:15:05.595,0.65085,0.65153,2.55,2.25
2011.03.17 13:15:05.925,0.65084,0.65154,2.55,2.55
2011.03.17 13:15:06.254,0.65099,0.65139,2.25,2.25
2011.03.17 13:15:06.575,0.65103,0.6514,2.25,2.25
2011.03.17 13:15:06.685,0.651,0.65138,2.25,2.25
2011.03.17 13:15:07.045,0.65101,0.65144,2.25,2.25
2011.03.17 13:15:07.161,0.65105,0.65148,2.25,2.25
2011.03.17 13:15:07.265,0.65106,0.6515,2.25,2.25
2011.03.17 13:15:07.485,0.65115,0.65151,2.25,2.25
2011.03.17 13:15:07.594,0.65111,0.6515,2.25,2.25
2011.03.17 13:15:08.045,0.65124,0.65158,2.25,2.25
2011.03.17 13:15:08.265,0.65124,0.65163,2.25,2.25
2011.03.17 13:15:08.375,0.65125,0.6516,2.25,2.25
2011.03.17 13:15:08.484,0.65125,0.65162,2.25,2.25
2011.03.17 13:15:08.594,0.65124,0.6516,2.25,2.25
2011.03.17 13:15:08.814,0.65124,0.65163,2.25,2.25
2011.03.17 13:15:09.035,0.65125,0.65159,2.25,2.25
2011.03.17 13:15:09.254,0.65133,0.65169,2.25,2.25
2011.03.17 13:15:09.584,0.65132,0.65168,2.25,2.55
2011.03.17 13:15:10.041,0.65113,0.6515,2.25,2.25
2011.03.17 13:15:10.157,0.65117,0.65154,2.25,2.25
2011.03.17 13:15:10.705,0.65125,0.65156,2.25,2.25
2011.03.17 13:15:10.815,0.65117,0.65155,2.25,2.25
2011.03.17 13:15:11.065,0.65114,0.65156,2.25,2.25
2011.03.17 13:15:12.465,0.65118,0.65162,2.25,2.25
2011.03.17 13:15:14.527,0.65118,0.65161,2.25,2.25
2011.03.17 13:15:15.075,0.65118,0.65162,2.25,2.25
2011.03.17 13:15:19.575,0.65123,0.65166,2.25,2.25
2011.03.17 13:15:21.055,0.65127,0.65166,2.25,2.25
2011.03.17 13:15:23.815,0.65125,0.65162,2.25,2.25
2011.03.17 13:15:24.365,0.6513,0.65167,2.25,2.25
2011.03.17 13:15:26.144,0.6513,0.65171,2.25,2.25
2011.03.17 13:15:28.795,0.65136,0.65175,2.25,2.25
2011.03.17 13:15:29.125,0.65143,0.65186,2.25,2.25
2011.03.17 13:15:29.345,0.6514,0.65179,2.25,2.25
2011.03.17 13:15:29.564,0.65136,0.65179,2.25,2.25
2011.03.17 13:15:29.674,0.65139,0.6518,2.25,2.25
2011.03.17 13:15:30.335,0.65141,0.65179,2.25,2.25
2011.03.17 13:15:30.894,0.65141,0.6518,2.25,2.25
2011.03.17 13:15:33.830,0.65141,0.65179,2.25,2.25
2011.03.17 13:15:36.444,0.65138,0.65178,2.25,2.25
2011.03.17 13:15:38.366,0.65137,0.65176,2.25,2.25
2011.03.17 13:15:38.728,0.65136,0.65174,2.25,2.25
2011.03.17 13:15:47.294,0.65138,0.65175,2.25,2.25
2011.03.17 13:15:48.632,0.65138,0.65177,2.25,2.25
2011.03.17 13:15:48.922,0.65138,0.65177,2.25,2.40
2011.03.17 13:15:49.978,0.65138,0.65177,2.25,2.25
2011.03.17 13:15:50.085,0.65134,0.65171,2.25,2.25
2011.03.17 13:15:50.414,0.65139,0.65176,2.25,2.25
2011.03.17 13:15:50.724,0.65139,0.65176,2.25,2.40
2011.03.17 13:15:50.945,0.65139,0.65176,2.25,2.25
2011.03.17 13:15:51.836,0.65136,0.65173,2.25,2.25
2011.03.17 13:15:53.005,0.65128,0.65172,2.25,2.25
2011.03.17 13:15:53.115,0.65128,0.65172,2.25,2.63
2011.03.17 13:15:53.444,0.65112,0.65151,2.25,2.25
2011.03.17 13:15:53.994,0.65112,0.65151,2.63,2.25
2011.03.17 13:15:54.215,0.65112,0.65151,2.63,2.25
2011.03.17 13:15:54.325,0.6513,0.65169,2.25,2.25
2011.03.17 13:15:56.345,0.65138,0.6518,2.25,2.25
2011.03.17 13:15:56.674,0.6514,0.65177,2.25,2.25
2011.03.17 13:16:00.505,0.65141,0.65178,2.25,2.25
2011.03.17 13:16:03.445,0.65146,0.65185,2.25,2.25
2011.03.17 13:16:03.684,0.65146,0.65185,2.25,2.40
2011.03.17 13:16:03.909,0.65146,0.65185,2.25,2.25
2011.03.17 13:16:05.924,0.65146,0.65186,2.25,2.25
2011.03.17 13:16:06.255,0.6515,0.65187,2.25,2.25
2011.03.17 13:16:06.364,0.65153,0.65193,2.25,2.25
2011.03.17 13:16:06.475,0.65149,0.65194,2.25,2.25
2011.03.17 13:16:06.584,0.65153,0.65195,2.25,2.25
2011.03.17 13:16:06.805,0.65154,0.65198,2.25,2.25
2011.03.17 13:16:07.025,0.65154,0.65194,2.25,2.25
2011.03.17 13:16:07.464,0.65153,0.65199,2.25,2.25
2011.03.17 13:16:07.589,0.65159,0.65198,2.25,2.25
2011.03.17 13:16:08.148,0.65158,0.65197,2.25,2.25
2011.03.17 13:16:08.535,0.65158,0.65199,2.25,2.25
2011.03.17 13:16:11.255,0.65158,0.65199,2.25,2.40
2011.03.17 13:16:11.585,0.65152,0.65191,2.25,2.25
2011.03.17 13:16:11.805,0.65147,0.65188,2.25,2.25
2011.03.17 13:16:11.914,0.65142,0.65188,2.25,2.25
2011.03.17 13:16:12.504,0.65142,0.65183,2.25,2.25
2011.03.17 13:16:13.944,0.65143,0.65184,2.25,2.25
2011.03.17 13:16:14.516,0.65143,0.65183,2.25,2.25
2011.03.17 13:16:15.728,0.6514,0.65184,2.25,2.25
2011.03.17 13:16:18.964,0.65142,0.65183,2.25,2.25
2011.03.17 13:16:20.005,0.65141,0.65183,2.25,2.25
2011.03.17 13:16:21.204,0.65142,0.65184,2.25,2.25
2011.03.17 13:16:21.524,0.6515,0.65188,2.25,2.40
2011.03.17 13:16:25.027,0.65155,0.65193,2.25,2.40
2011.03.17 13:16:25.354,0.65153,0.6519,2.25,2.25
2011.03.17 13:16:26.795,0.6515,0.65188,2.25,2.25
2011.03.17 13:16:27.015,0.65153,0.6519,2.25,2.25
2011.03.17 13:16:32.522,0.65153,0.6519,2.25,2.40
2011.03.17 13:16:33.822,0.65153,0.6519,2.25,2.25
2011.03.17 13:16:34.176,0.65148,0.65185,2.25,2.25
2011.03.17 13:16:35.784,0.65152,0.65191,2.25,2.25
2011.03.17 13:16:36.374,0.65156,0.65195,2.25,2.40
2011.03.17 13:16:36.484,0.65156,0.65195,2.25,2.25
2011.03.17 13:16:39.495,0.65152,0.65191,2.25,2.25
2011.03.17 13:16:40.205,0.65148,0.65185,2.25,2.25
2011.03.17 13:16:40.875,0.65145,0.65184,2.25,2.25
2011.03.17 13:16:40.985,0.65147,0.65184,2.25,2.25
2011.03.17 13:16:41.095,0.65145,0.65184,2.25,2.25
2011.03.17 13:16:41.444,0.65151,0.65188,2.25,2.40
2011.03.17 13:16:42.204,0.65142,0.65182,2.40,2.25
2011.03.17 13:16:42.424,0.65142,0.65179,2.40,2.25
2011.03.17 13:16:43.564,0.6514,0.65179,2.25,2.25
2011.03.17 13:16:45.105,0.6514,0.65177,2.25,2.25
2011.03.17 13:16:45.215,0.65137,0.65177,2.25,2.25
2011.03.17 13:16:45.325,0.65135,0.65174,2.40,2.25
2011.03.17 13:16:45.617,0.65135,0.65174,2.25,2.25
2011.03.17 13:16:46.094,0.65133,0.65173,2.25,2.25
2011.03.17 13:16:47.325,0.65134,0.65172,1.65,2.25
2011.03.17 13:16:48.334,0.65133,0.65173,2.40,2.25
2011.03.17 13:16:49.074,0.65133,0.65172,2.25,2.25
2011.03.17 13:16:49.184,0.65133,0.6517,2.25,2.25
2011.03.17 13:16:49.897,0.65134,0.65171,2.25,2.25
2011.03.17 13:16:51.255,0.65128,0.65165,2.40,2.25
2011.03.17 13:16:51.364,0.65132,0.65171,2.25,2.25
2011.03.17 13:16:51.475,0.65134,0.65171,2.25,2.25
2011.03.17 13:16:52.903,0.65131,0.65172,2.40,2.25
2011.03.17 13:16:53.015,0.65131,0.65172,2.55,2.25
2011.03.17 13:16:53.696,0.65131,0.65171,2.55,2.25
2011.03.17 13:16:54.614,0.65131,0.65172,2.55,2.25
2011.03.17 13:16:55.005,0.6514,0.65181,2.25,2.25
2011.03.17 13:16:55.334,0.65145,0.65185,2.25,2.25
2011.03.17 13:16:56.486,0.65145,0.65185,2.25,2.40
2011.03.17 13:16:58.268,0.65146,0.65184,2.25,2.25
2011.03.17 13:16:59.266,0.6515,0.65188,2.25,2.40
2011.03.17 13:17:04.938,0.65149,0.65188,2.25,2.25
2011.03.17 13:17:05.576,0.6514,0.65184,2.25,2.25
2011.03.17 13:17:06.407,0.65141,0.65183,2.25,2.25
2011.03.17 13:17:06.516,0.65124,0.65164,2.25,2.25
2011.03.17 13:17:07.954,0.65119,0.65159,2.25,2.25
2011.03.17 13:17:08.285,0.65115,0.65154,2.25,2.25
2011.03.17 13:17:08.614,0.65115,0.65152,2.25,2.25
2011.03.17 13:17:09.559,0.6511,0.65148,2.40,2.25
2011.03.17 13:17:09.884,0.65114,0.65152,2.25,2.25
2011.03.17 13:17:10.105,0.6511,0.6515,2.25,2.25
2011.03.17 13:17:10.215,0.65108,0.65145,2.25,2.25
2011.03.17 13:17:10.434,0.65114,0.65152,2.25,2.25
2011.03.17 13:17:11.155,0.65109,0.65147,2.25,2.25
2011.03.17 13:17:11.885,0.65106,0.65145,2.25,2.25
2011.03.17 13:17:12.775,0.65105,0.65143,2.40,2.25
2011.03.17 13:17:13.348,0.65105,0.65142,2.40,2.25
2011.03.17 13:17:13.895,0.65105,0.65142,2.25,2.25
2011.03.17 13:17:14.007,0.6509,0.65145,2.55,2.44
2011.03.17 13:17:14.117,0.65098,0.65135,2.25,2.25
2011.03.17 13:17:14.446,0.65084,0.65127,2.40,3.19
2011.03.17 13:17:14.775,0.65087,0.65127,1.47,2.25
2011.03.17 13:17:15.175,0.65102,0.65145,2.44,3.19
2011.03.17 13:17:15.525,0.65102,0.65145,2.25,2.25
2011.03.17 13:17:15.634,0.65108,0.65149,2.25,2.44
2011.03.17 13:17:16.138,0.65108,0.65148,2.25,2.25
2011.03.17 13:17:16.496,0.65108,0.65148,3.19,2.25
2011.03.17 13:17:16.716,0.65105,0.65144,2.25,2.44
2011.03.17 13:17:16.826,0.65101,0.65138,2.25,2.44
2011.03.17 13:17:16.936,0.65098,0.65137,2.25,2.44
2011.03.17 13:17:17.265,0.65098,0.65137,2.25,3.19
2011.03.17 13:17:17.375,0.65089,0.65128,2.25,2.44
2011.03.17 13:17:17.595,0.65085,0.65124,2.25,2.44
2011.03.17 13:17:19.925,0.65089,0.65128,2.25,3.19
2011.03.17 13:17:20.895,0.65095,0.65136,2.25,3.19
2011.03.17 13:17:21.005,0.65087,0.65127,2.25,3.19
2011.03.17 13:17:21.115,0.65091,0.65128,2.25,2.25
2011.03.17 13:17:21.224,0.65094,0.65133,2.25,2.40
2011.03.17 13:17:21.334,0.65092,0.65131,2.25,2.25
2011.03.17 13:17:22.214,0.65091,0.6513,2.25,2.25
2011.03.17 13:17:22.685,0.65093,0.65132,2.25,2.25
2011.03.17 13:17:23.017,0.65088,0.65126,2.25,1.32
2011.03.17 13:17:23.124,0.6508,0.65117,2.40,3.19
2011.03.17 13:17:23.666,0.6508,0.65117,2.40,3.19
2011.03.17 13:17:23.984,0.65076,0.65113,2.40,3.19
2011.03.17 13:17:25.791,0.65076,0.65113,2.40,3.19
2011.03.17 13:17:26.564,0.6507,0.65109,2.55,3.19
2011.03.17 13:17:27.670,0.6507,0.65109,2.25,3.19
2011.03.17 13:17:27.936,0.65079,0.65118,2.25,1.69
2011.03.17 13:17:28.545,0.65079,0.65118,2.25,1.09
2011.03.17 13:17:28.655,0.65073,0.65118,2.25,1.09
2011.03.17 13:17:28.875,0.65079,0.65118,2.25,1.09
2011.03.17 13:17:29.401,0.6508,0.65119,2.25,1.69
2011.03.17 13:17:30.197,0.65079,0.65118,2.25,1.69
2011.03.17 13:17:32.106,0.65075,0.65114,2.40,2.25
2011.03.17 13:17:32.216,0.65075,0.65114,2.25,2.44
2011.03.17 13:17:32.435,0.65072,0.65109,2.25,2.25
2011.03.17 13:17:34.317,0.65073,0.65112,2.25,2.44
2011.03.17 13:17:34.425,0.65076,0.65113,2.25,2.44
2011.03.17 13:17:34.536,0.6508,0.65117,2.25,2.25
2011.03.17 13:17:34.645,0.65078,0.65116,2.25,2.25
2011.03.17 13:17:34.864,0.65081,0.65118,2.25,2.25
2011.03.17 13:17:35.195,0.65064,0.65107,2.25,3.19
2011.03.17 13:17:35.557,0.65053,0.6509,2.25,3.19
2011.03.17 13:17:35.776,0.65047,0.65087,2.25,3.19
2011.03.17 13:17:36.336,0.65046,0.65083,2.25,2.25
2011.03.17 13:17:36.885,0.65047,0.65086,2.25,2.44
2011.03.17 13:17:37.686,0.65048,0.65088,2.25,3.19
2011.03.17 13:17:38.725,0.65048,0.65088,2.25,2.25
2011.03.17 13:17:39.344,0.6505,0.65087,2.25,2.25
2011.03.17 13:17:39.854,0.6505,0.65088,2.25,2.25
2011.03.17 13:17:40.424,0.65056,0.65093,2.25,2.44
2011.03.17 13:17:41.296,0.65054,0.65091,2.25,2.44
2011.03.17 13:17:44.568,0.65055,0.65092,2.25,2.44
2011.03.17 13:17:44.937,0.65053,0.65092,2.25,2.44
2011.03.17 13:17:46.624,0.65055,0.65092,2.25,2.44
2011.03.17 13:17:47.746,0.65055,0.65094,2.25,2.25
2011.03.17 13:17:47.965,0.65059,0.65096,2.25,2.44
2011.03.17 13:17:48.537,0.65058,0.65095,2.25,2.25
2011.03.17 13:17:49.146,0.65058,0.65097,2.25,2.44
2011.03.17 13:17:49.365,0.65062,0.65101,2.25,2.25
2011.03.17 13:17:49.475,0.65063,0.65104,2.25,2.44
2011.03.17 13:17:49.585,0.65063,0.651,2.25,2.25
2011.03.17 13:17:49.805,0.65063,0.65102,2.25,2.25
2011.03.17 13:17:51.897,0.65062,0.65101,2.25,2.25
2011.03.17 13:17:52.535,0.65066,0.65105,2.25,2.44
2011.03.17 13:17:52.754,0.65063,0.65102,2.25,2.25
2011.03.17 13:17:53.085,0.65063,0.651,2.25,2.25
2011.03.17 13:17:53.195,0.65063,0.65103,2.25,2.25
2011.03.17 13:17:54.215,0.65064,0.65106,2.25,2.44
2011.03.17 13:17:54.820,0.65063,0.65105,2.25,2.44
2011.03.17 13:17:54.916,0.65065,0.65105,2.25,2.44
2011.03.17 13:17:55.135,0.6506,0.651,2.25,2.25
2011.03.17 13:17:55.355,0.65055,0.65097,2.40,2.44
2011.03.17 13:17:55.685,0.65051,0.65091,2.25,2.25
2011.03.17 13:17:55.905,0.65055,0.65097,2.44,2.25
2011.03.17 13:17:56.234,0.65055,0.65097,2.25,2.44
2011.03.17 13:17:56.565,0.6506,0.651,2.25,2.25
2011.03.17 13:17:57.115,0.65066,0.65103,2.25,2.44
2011.03.17 13:17:57.616,0.6507,0.65108,2.25,2.25
2011.03.17 13:17:58.169,0.65069,0.6511,2.25,2.44
2011.03.17 13:17:58.648,0.65069,0.65109,2.25,1.09
2011.03.17 13:17:58.758,0.6506,0.65101,2.25,2.25
2011.03.17 13:18:00.385,0.65063,0.65102,2.25,2.25
2011.03.17 13:18:00.715,0.65067,0.65106,2.25,2.44
2011.03.17 13:18:03.311,0.65062,0.65101,2.40,2.25
2011.03.17 13:18:03.426,0.65065,0.65107,2.25,2.44
2011.03.17 13:18:03.766,0.65066,0.65107,2.25,2.25
2011.03.17 13:18:03.877,0.6507,0.65109,2.25,2.25
2011.03.17 13:18:04.976,0.65066,0.65103,2.40,2.25
2011.03.17 13:18:05.087,0.65066,0.65107,2.25,2.25
2011.03.17 13:18:05.675,0.65066,0.65106,2.25,2.25
2011.03.17 13:18:13.580,0.65066,0.65106,2.25,2.40
2011.03.17 13:18:14.025,0.65061,0.65101,2.25,2.25
2011.03.17 13:18:16.095,0.65063,0.651,2.25,2.25
2011.03.17 13:18:16.205,0.65064,0.65103,2.25,2.25
2011.03.17 13:18:17.436,0.65056,0.65099,2.25,2.25
2011.03.17 13:18:17.545,0.65057,0.65097,2.25,2.25
2011.03.17 13:18:19.334,0.65061,0.65103,2.25,2.44
2011.03.17 13:18:20.564,0.6506,0.65101,2.25,2.25
2011.03.17 13:18:21.005,0.65065,0.65104,2.25,2.40
2011.03.17 13:18:23.146,0.65066,0.65105,2.25,2.25
2011.03.17 13:18:25.375,0.65068,0.65105,2.25,2.25
2011.03.17 13:18:25.596,0.65066,0.65105,2.25,2.25
2011.03.17 13:18:25.706,0.65069,0.65107,2.25,2.44
2011.03.17 13:18:26.835,0.6507,0.65109,2.25,2.59
2011.03.17 13:18:27.237,0.6507,0.65109,2.25,2.74
2011.03.17 13:18:27.349,0.65067,0.65106,2.25,2.44
2011.03.17 13:18:27.735,0.65069,0.65107,2.25,2.44
2011.03.17 13:18:27.955,0.65067,0.65107,2.25,2.44
2011.03.17 13:18:28.175,0.65071,0.65108,2.25,2.25
2011.03.17 13:18:32.045,0.65068,0.65106,2.25,2.25
2011.03.17 13:18:32.301,0.65071,0.65108,2.25,2.25
2011.03.17 13:18:32.406,0.65069,0.65108,2.25,2.25
2011.03.17 13:18:32.734,0.65069,0.65106,2.25,2.25
2011.03.17 13:18:33.565,0.65071,0.6511,2.25,2.44
2011.03.17 13:18:33.786,0.65074,0.65113,2.25,2.59
2011.03.17 13:18:34.309,0.65073,0.65118,2.25,1.09
2011.03.17 13:18:34.416,0.65073,0.65119,2.44,2.40
2011.03.17 13:18:34.526,0.65082,0.65119,2.25,2.25
2011.03.17 13:18:36.756,0.65071,0.6511,2.25,2.25
2011.03.17 13:18:36.976,0.65068,0.65105,2.25,2.25
2011.03.17 13:18:37.564,0.65069,0.65106,2.25,2.25
2011.03.17 13:18:38.007,0.65069,0.65106,2.25,2.44
2011.03.17 13:18:38.115,0.65064,0.65106,2.25,2.44
2011.03.17 13:18:38.225,0.65066,0.65104,2.25,2.44
2011.03.17 13:18:39.285,0.65065,0.65104,2.25,2.44
2011.03.17 13:18:40.855,0.65066,0.65104,2.25,2.44
2011.03.17 13:18:41.637,0.65066,0.65103,2.25,2.25
2011.03.17 13:18:41.966,0.6506,0.65099,2.40,2.25
2011.03.17 13:18:42.078,0.65065,0.65104,2.25,2.44
2011.03.17 13:18:42.958,0.65064,0.65103,2.25,2.25
2011.03.17 13:18:43.756,0.65065,0.65104,2.25,2.44
2011.03.17 13:18:43.865,0.65065,0.65102,2.25,2.25
2011.03.17 13:18:45.088,0.65068,0.65113,2.25,3.19
2011.03.17 13:18:45.196,0.6507,0.6511,2.25,2.44
2011.03.17 13:18:45.807,0.65072,0.6511,2.25,2.44
2011.03.17 13:18:46.905,0.6508,0.65118,2.25,3.19
2011.03.17 13:18:47.015,0.65081,0.6512,2.25,2.44
2011.03.17 13:18:47.485,0.65083,0.65124,2.25,3.19
2011.03.17 13:18:49.535,0.65078,0.65119,2.59,2.44
2011.03.17 13:18:50.489,0.65078,0.65119,2.74,2.44
2011.03.17 13:18:51.536,0.65078,0.65119,2.59,2.44
2011.03.17 13:18:51.646,0.65083,0.6512,2.25,2.44
2011.03.17 13:18:51.975,0.65079,0.65117,2.44,2.25
2011.03.17 13:18:52.525,0.65078,0.65118,2.44,2.25
2011.03.17 13:18:53.075,0.65078,0.65118,2.59,2.25
2011.03.17 13:18:53.756,0.65078,0.65117,2.59,2.25
2011.03.17 13:18:54.358,0.65078,0.65118,2.59,2.25
2011.03.17 13:18:54.575,0.65077,0.65118,2.44,2.25
2011.03.17 13:18:54.686,0.65076,0.65113,3.19,2.25
2011.03.17 13:18:55.347,0.65075,0.65112,3.19,2.25
2011.03.17 13:18:55.523,0.65075,0.65112,2.25,2.25
2011.03.17 13:18:55.636,0.65075,0.65114,2.25,2.25
2011.03.17 13:18:56.258,0.65074,0.65117,2.25,2.44
2011.03.17 13:18:57.125,0.65076,0.65116,2.25,2.44
2011.03.17 13:18:57.235,0.65074,0.65117,2.25,2.44
2011.03.17 13:18:57.794,0.65075,0.65118,2.25,2.44
2011.03.17 13:18:58.158,0.65077,0.65118,2.25,2.44
2011.03.17 13:18:58.710,0.65076,0.65117,2.25,2.44
2011.03.17 13:18:59.507,0.65071,0.6511,2.25,2.44
2011.03.17 13:19:01.018,0.65073,0.6511,2.25,2.44
2011.03.17 13:19:01.304,0.65065,0.65105,2.44,2.25
2011.03.17 13:19:01.755,0.65065,0.65105,2.25,3.19
2011.03.17 13:19:01.865,0.65059,0.65106,2.44,3.19
2011.03.17 13:19:02.409,0.6506,0.65106,2.25,3.19
2011.03.17 13:19:02.515,0.6506,0.65106,2.25,3.19
2011.03.17 13:19:02.841,0.65057,0.65097,2.25,2.44
2011.03.17 13:19:02.947,0.65059,0.65101,2.44,2.25
2011.03.17 13:19:05.435,0.65064,0.65101,2.25,2.25
2011.03.17 13:19:07.115,0.65069,0.65108,2.25,2.44
2011.03.17 13:19:07.226,0.65065,0.65102,2.44,2.25
2011.03.17 13:19:07.335,0.6507,0.6511,2.25,2.44
2011.03.17 13:19:07.555,0.65065,0.65106,2.25,3.19
2011.03.17 13:19:07.995,0.65065,0.65102,2.25,3.19
2011.03.17 13:19:08.332,0.65063,0.65102,2.25,3.19
2011.03.17 13:19:08.438,0.65065,0.65105,2.25,2.44
2011.03.17 13:19:09.216,0.65051,0.65093,2.44,2.44
2011.03.17 13:19:10.654,0.65051,0.65088,2.44,2.25
2011.03.17 13:19:12.985,0.65049,0.65088,3.19,2.25
2011.03.17 13:19:13.095,0.65059,0.65096,2.25,2.44
2011.03.17 13:19:13.316,0.65054,0.65093,2.59,2.25
2011.03.17 13:19:13.535,0.65054,0.65093,2.44,2.25
2011.03.17 13:19:13.645,0.65063,0.65102,2.25,3.19
2011.03.17 13:19:13.865,0.65058,0.65097,2.25,2.44
2011.03.17 13:19:14.536,0.65058,0.65097,2.25,3.19
2011.03.17 13:19:14.645,0.6505,0.65087,2.40,2.25
2011.03.17 13:19:15.015,0.6505,0.65089,2.40,2.25
2011.03.17 13:19:15.960,0.65049,0.65088,2.40,2.25
2011.03.17 13:19:16.249,0.65046,0.65086,2.55,2.25
2011.03.17 13:19:16.765,0.65046,0.65086,2.40,2.25
2011.03.17 13:19:18.445,0.6504,0.65087,2.55,2.44
2011.03.17 13:19:18.555,0.65042,0.65081,2.55,2.25
2011.03.17 13:19:18.776,0.65045,0.65085,2.40,2.25
2011.03.17 13:19:18.995,0.65049,0.65086,2.25,2.44
2011.03.17 13:19:21.046,0.65049,0.65086,2.44,2.44
2011.03.17 13:19:23.765,0.65049,0.65089,2.25,3.19
2011.03.17 13:19:23.874,0.65046,0.65083,2.25,3.19
2011.03.17 13:19:29.256,0.65049,0.65086,2.25,3.19
2011.03.17 13:19:29.365,0.65042,0.65083,2.44,3.19
2011.03.17 13:19:29.477,0.65046,0.65083,2.25,3.34
2011.03.17 13:19:29.585,0.65042,0.65082,2.25,3.19
2011.03.17 13:19:29.695,0.65045,0.65083,2.25,1.09
2011.03.17 13:19:29.804,0.65043,0.65081,2.25,3.19
2011.03.17 13:19:31.145,0.65046,0.65079,2.25,1.09
2011.03.17 13:19:32.295,0.65047,0.65084,2.25,1.09
2011.03.17 13:19:32.405,0.65045,0.65079,2.25,1.09
2011.03.17 13:19:32.905,0.65044,0.65083,2.44,3.34
2011.03.17 13:19:36.068,0.65044,0.65083,2.44,3.49
2011.03.17 13:19:37.248,0.65044,0.65083,2.44,3.34
2011.03.17 13:19:38.046,0.65046,0.65083,2.25,1.09
2011.03.17 13:19:39.855,0.65046,0.65083,2.25,3.34
2011.03.17 13:19:39.965,0.65041,0.6508,2.44,3.19
2011.03.17 13:19:41.245,0.65039,0.65076,2.44,2.59
2011.03.17 13:19:41.355,0.65039,0.65076,2.44,2.44
2011.03.17 13:19:42.560,0.65037,0.65075,3.19,2.25
2011.03.17 13:19:43.694,0.65039,0.65076,2.44,2.44
2011.03.17 13:19:49.857,0.65039,0.65079,2.44,2.44
2011.03.17 13:19:49.967,0.65044,0.65083,2.25,2.59
2011.03.17 13:19:50.616,0.65045,0.65082,2.25,2.44
2011.03.17 13:19:51.047,0.65044,0.65081,3.19,2.25
2011.03.17 13:19:51.155,0.65051,0.65089,2.44,2.59
2011.03.17 13:19:51.265,0.65051,0.65089,3.19,2.40
2011.03.17 13:19:51.486,0.65059,0.65095,2.44,1.09
2011.03.17 13:19:58.715,0.65059,0.65096,2.25,3.19
2011.03.17 13:19:58.934,0.65054,0.65093,2.25,3.19
2011.03.17 13:19:59.155,0.65059,0.65094,2.25,1.09
2011.03.17 13:20:00.425,0.65059,0.65093,2.25,1.09
2011.03.17 13:20:00.755,0.65045,0.65084,2.25,3.19
2011.03.17 13:20:00.865,0.65037,0.65075,2.40,3.19
2011.03.17 13:20:02.795,0.65039,0.65076,2.25,3.19
2011.03.17 13:20:02.905,0.65037,0.65075,2.40,3.19
2011.03.17 13:20:09.615,0.65035,0.65073,2.59,2.44
2011.03.17 13:20:17.470,0.65037,0.65074,2.25,3.19
2011.03.17 13:20:18.285,0.65035,0.65074,2.44,3.34
2011.03.17 13:20:28.747,0.65025,0.65062,2.55,3.19
2011.03.17 13:20:29.156,0.65016,0.65059,3.04,3.19
2011.03.17 13:20:29.266,0.65016,0.65059,2.89,3.19
2011.03.17 13:20:29.376,0.65016,0.65059,2.74,3.19
2011.03.17 13:20:32.678,0.65016,0.65055,2.59,2.44
2011.03.17 13:20:33.236,0.65016,0.65055,3.34,2.25
2011.03.17 13:20:33.446,0.65017,0.65059,3.34,2.44
2011.03.17 13:20:33.967,0.65018,0.6506,2.44,2.44
2011.03.17 13:20:38.045,0.65021,0.65061,2.25,2.44
2011.03.17 13:20:38.375,0.65018,0.65056,2.40,2.25
2011.03.17 13:20:38.486,0.65018,0.65056,2.25,2.25
2011.03.17 13:20:38.595,0.65013,0.65053,2.25,2.44
2011.03.17 13:20:38.705,0.65013,0.65053,2.25,2.25
2011.03.17 13:20:39.706,0.65019,0.65048,2.25,2.44
2011.03.17 13:20:39.815,0.65014,0.65043,2.25,2.25
2011.03.17 13:20:40.985,0.65014,0.65043,2.63,2.25
2011.03.17 13:20:41.096,0.65031,0.65062,2.25,2.25
2011.03.17 13:20:41.206,0.65035,0.65065,2.25,2.25
2011.03.17 13:20:41.597,0.65027,0.65055,2.25,2.25
2011.03.17 13:20:43.645,0.65029,0.65057,2.25,2.25
2011.03.17 13:20:43.993,0.65027,0.65055,2.25,2.25
2011.03.17 13:20:44.856,0.6503,0.65057,2.25,2.25
2011.03.17 13:20:45.186,0.65021,0.65057,2.25,2.25
2011.03.17 13:20:45.406,0.6503,0.65057,2.25,2.25
2011.03.17 13:20:52.925,0.6503,0.65064,2.25,2.25
2011.03.17 13:20:53.036,0.65036,0.65064,2.25,2.25
2011.03.17 13:20:53.256,0.65031,0.65061,2.25,2.25
2011.03.17 13:20:54.225,0.6503,0.65058,2.25,2.25
2011.03.17 13:20:54.727,0.6503,0.65057,2.25,2.25
2011.03.17 13:20:55.636,0.65028,0.65058,2.25,2.25
2011.03.17 13:20:55.745,0.65025,0.65055,2.25,2.25
2011.03.17 13:21:01.704,0.65022,0.65052,2.25,2.25
2011.03.17 13:21:02.255,0.65021,0.65051,2.25,2.25
2011.03.17 13:21:02.586,0.65021,0.65049,2.25,2.25
2011.03.17 13:21:03.415,0.65019,0.65049,2.25,2.25
2011.03.17 13:21:04.043,0.65018,0.65048,2.25,2.25
2011.03.17 13:21:04.682,0.65018,0.65046,2.25,2.25
2011.03.17 13:21:05.097,0.65013,0.65043,2.25,2.25
2011.03.17 13:21:05.976,0.65015,0.65043,2.25,2.25
2011.03.17 13:21:06.325,0.65014,0.65041,2.25,2.25
2011.03.17 13:21:06.786,0.65013,0.65042,2.40,2.25
2011.03.17 13:21:06.896,0.65015,0.65045,2.25,2.25
2011.03.17 13:21:07.577,0.65014,0.65044,2.25,2.25
2011.03.17 13:21:07.806,0.65016,0.65044,2.25,2.25
2011.03.17 13:21:09.115,0.65012,0.65042,2.25,2.25
2011.03.17 13:21:09.225,0.65016,0.65044,2.25,2.25
2011.03.17 13:21:10.925,0.65011,0.6504,2.25,2.25
2011.03.17 13:21:11.257,0.65015,0.65043,2.25,2.44
2011.03.17 13:21:11.586,0.65002,0.65037,2.25,3.19
2011.03.17 13:21:12.286,0.64999,0.65034,2.25,2.44
2011.03.17 13:21:12.646,0.65008,0.65035,2.25,2.25
2011.03.17 13:21:12.865,0.65006,0.65036,2.25,2.25
2011.03.17 13:21:14.585,0.6501,0.65037,2.25,2.25
2011.03.17 13:21:15.795,0.65009,0.65039,2.25,2.25
2011.03.17 13:21:16.345,0.6501,0.65038,2.25,2.25
2011.03.17 13:21:16.455,0.65021,0.65049,2.25,2.44
2011.03.17 13:21:16.966,0.65019,0.65049,2.25,2.44
2011.03.17 13:21:17.185,0.65019,0.65047,2.25,2.25
2011.03.17 13:21:18.456,0.65023,0.65051,2.25,3.19
2011.03.17 13:21:19.026,0.65024,0.65052,2.25,3.19
2011.03.17 13:21:24.895,0.65022,0.65053,2.25,3.19
2011.03.17 13:21:25.466,0.6502,0.6505,2.25,2.44
2011.03.17 13:21:26.295,0.65017,0.65047,2.25,2.25
2011.03.17 13:21:27.686,0.65017,0.65046,2.25,2.25
2011.03.17 13:21:28.438,0.65002,0.65033,2.55,2.25
2011.03.17 13:21:28.766,0.65002,0.65033,2.89,2.25
2011.03.17 13:21:28.876,0.65005,0.65039,2.55,3.19
2011.03.17 13:21:28.986,0.65005,0.65039,2.25,3.19
2011.03.17 13:21:29.095,0.65003,0.65032,2.25,2.25
2011.03.17 13:21:29.629,0.65003,0.65032,2.40,2.25
2011.03.17 13:21:29.735,0.65003,0.65032,2.25,2.25
2011.03.17 13:21:30.096,0.65003,0.65032,2.40,2.25
2011.03.17 13:21:30.206,0.65003,0.65032,2.25,2.25
2011.03.17 13:21:30.535,0.65003,0.65034,2.25,2.25
2011.03.17 13:21:30.975,0.65001,0.65033,2.25,2.25
2011.03.17 13:21:32.247,0.65003,0.65032,2.25,2.25
2011.03.17 13:21:38.640,0.65008,0.65037,2.25,2.44
2011.03.17 13:21:42.166,0.65008,0.65037,2.25,2.44
2011.03.17 13:21:42.385,0.64995,0.65026,2.25,2.44
2011.03.17 13:21:42.605,0.64992,0.65023,2.25,2.25
2011.03.17 13:21:42.715,0.64989,0.65021,2.25,2.25
2011.03.17 13:21:42.826,0.64989,0.65021,2.25,2.44
2011.03.17 13:21:43.045,0.64986,0.65015,2.25,2.25
2011.03.17 13:21:43.265,0.64983,0.65012,2.25,2.25
2011.03.17 13:21:45.556,0.64991,0.65022,2.25,2.44
2011.03.17 13:21:45.776,0.65,0.65042,2.25,3.19
2011.03.17 13:21:45.886,0.6501,0.65041,3.19,2.25
2011.03.17 13:21:46.106,0.65016,0.65046,2.25,2.25
2011.03.17 13:21:46.325,0.65023,0.65055,2.25,2.25
2011.03.17 13:21:46.937,0.65021,0.65052,2.25,2.25
2011.03.17 13:21:47.047,0.65025,0.65057,2.25,2.44
2011.03.17 13:21:47.155,0.65026,0.65061,2.25,2.44
2011.03.17 13:21:47.376,0.65027,0.65058,2.25,2.25
2011.03.17 13:21:48.345,0.65025,0.65058,2.25,2.25
2011.03.17 13:21:48.455,0.65026,0.65055,2.25,2.25
2011.03.17 13:21:48.675,0.65023,0.65055,2.25,2.25
2011.03.17 13:21:48.827,0.65018,0.65049,3.19,2.25
2011.03.17 13:21:49.046,0.65018,0.65049,2.25,2.25
2011.03.17 13:21:49.155,0.6502,0.65049,2.25,2.25
2011.03.17 13:21:49.760,0.6502,0.65052,2.25,2.44
2011.03.17 13:21:50.415,0.65019,0.6505,2.25,2.44
2011.03.17 13:21:50.823,0.65017,0.65048,2.25,2.25
2011.03.17 13:21:52.005,0.65016,0.65045,2.25,2.25
2011.03.17 13:21:52.570,0.65019,0.65048,2.25,2.25
2011.03.17 13:21:52.684,0.65012,0.65043,2.25,2.25
2011.03.17 13:21:53.267,0.65013,0.65043,2.25,2.25
2011.03.17 13:21:53.594,0.65009,0.65043,2.25,2.25
2011.03.17 13:21:53.706,0.65009,0.65043,2.25,2.44
2011.03.17 13:21:53.815,0.65004,0.65041,2.25,2.44
2011.03.17 13:21:54.405,0.65004,0.65037,2.25,2.25
2011.03.17 13:21:54.916,0.65004,0.65036,2.25,2.25
2011.03.17 13:21:55.629,0.65003,0.65033,2.25,2.25
2011.03.17 13:21:55.955,0.64996,0.65032,2.25,2.25
2011.03.17 13:21:56.506,0.65002,0.65038,2.25,3.19
2011.03.17 13:21:56.856,0.64996,0.65027,2.25,2.25
2011.03.17 13:21:58.055,0.65,0.65031,2.25,2.25
2011.03.17 13:21:58.707,0.65001,0.65031,2.25,2.25
2011.03.17 13:21:59.255,0.65003,0.65034,2.25,2.44
2011.03.17 13:22:00.406,0.65005,0.65034,2.25,2.44
2011.03.17 13:22:00.515,0.65002,0.65033,2.25,2.44
2011.03.17 13:22:00.845,0.65004,0.65035,2.25,2.44
2011.03.17 13:22:01.285,0.65002,0.65031,2.25,2.25
2011.03.17 13:22:02.086,0.65001,0.6503,2.25,2.25
2011.03.17 13:22:02.966,0.65,0.65032,2.25,2.44
2011.03.17 13:22:03.076,0.65001,0.6503,2.25,2.25
2011.03.17 13:22:03.486,0.64996,0.65025,2.25,2.25
2011.03.17 13:22:04.075,0.64994,0.65023,2.25,2.25
2011.03.17 13:22:04.186,0.64992,0.65023,2.25,2.25
2011.03.17 13:22:04.297,0.6499,0.65022,2.25,2.25
2011.03.17 13:22:04.626,0.64983,0.65018,2.25,2.25
2011.03.17 13:22:05.338,0.64983,0.65017,2.25,2.25
2011.03.17 13:22:05.787,0.64984,0.65015,2.25,2.25
2011.03.17 13:22:06.398,0.64983,0.65014,2.25,2.25
2011.03.17 13:22:06.835,0.64978,0.65009,2.25,2.25
2011.03.17 13:22:07.485,0.64973,0.65004,2.25,2.25
2011.03.17 13:22:09.626,0.64978,0.65008,2.25,2.25
2011.03.17 13:22:09.955,0.64977,0.65006,2.44,2.25
2011.03.17 13:22:10.066,0.64986,0.65015,2.25,2.25
2011.03.17 13:22:10.175,0.64988,0.6502,2.25,3.19
2011.03.17 13:22:10.506,0.64986,0.65023,2.25,2.44
2011.03.17 13:22:10.616,0.64983,0.65019,2.25,2.25
2011.03.17 13:22:10.945,0.64979,0.65009,2.25,2.25
2011.03.17 13:22:11.298,0.64981,0.6501,2.25,2.25
2011.03.17 13:22:12.695,0.64981,0.65011,2.25,2.25
2011.03.17 13:22:13.765,0.64977,0.65009,2.25,2.25
2011.03.17 13:22:13.987,0.64977,0.65009,2.25,3.19
2011.03.17 13:22:14.317,0.64962,0.64999,2.55,2.44
2011.03.17 13:22:14.426,0.64969,0.64998,2.25,2.44
2011.03.17 13:22:14.647,0.64969,0.65,2.25,2.25
2011.03.17 13:22:14.755,0.64972,0.65002,2.25,2.44
2011.03.17 13:22:15.085,0.64974,0.65005,2.25,2.44
2011.03.17 13:22:15.457,0.64976,0.65007,2.25,3.19
2011.03.17 13:22:18.335,0.64977,0.65009,2.25,2.25
2011.03.17 13:22:18.580,0.64979,0.65008,2.25,2.25
2011.03.17 13:22:19.345,0.6498,0.6501,2.25,2.44
2011.03.17 13:22:19.677,0.64979,0.65008,2.25,2.25
2011.03.17 13:22:20.416,0.64978,0.65008,2.25,2.25
2011.03.17 13:22:21.676,0.64975,0.65006,2.25,2.25
2011.03.17 13:22:21.896,0.64971,0.65003,2.25,2.25
2011.03.17 13:22:24.066,0.64975,0.65005,2.25,2.44
2011.03.17 13:22:24.175,0.64971,0.65003,2.25,2.25
2011.03.17 13:22:24.615,0.64973,0.65004,2.25,2.44
2011.03.17 13:22:24.958,0.64972,0.65002,2.25,2.25
2011.03.17 13:22:25.286,0.64968,0.64997,2.25,2.25
2011.03.17 13:22:25.507,0.64965,0.64995,2.25,2.25
2011.03.17 13:22:25.618,0.6496,0.6499,2.25,2.25
2011.03.17 13:22:25.725,0.64957,0.6499,2.25,2.25
2011.03.17 13:22:25.946,0.64955,0.64988,2.25,2.25
2011.03.17 13:22:26.367,0.64955,0.6499,2.25,2.25
2011.03.17 13:22:28.046,0.64966,0.64997,2.25,2.44
2011.03.17 13:22:28.156,0.64955,0.64992,2.25,2.25
2011.03.17 13:22:28.375,0.64957,0.6499,2.25,2.25
2011.03.17 13:22:28.747,0.64953,0.64985,2.25,2.25
2011.03.17 13:22:29.076,0.64957,0.64986,2.25,2.25
2011.03.17 13:22:29.186,0.64958,0.64989,2.25,2.25
2011.03.17 13:22:29.296,0.64954,0.64984,2.25,2.25
2011.03.17 13:22:29.626,0.64956,0.64988,2.25,2.25
2011.03.17 13:22:31.655,0.64955,0.64984,2.25,2.25
2011.03.17 13:22:32.385,0.64956,0.64985,2.25,2.25
2011.03.17 13:22:32.605,0.64954,0.64985,2.25,2.25
2011.03.17 13:22:32.827,0.64958,0.64989,2.25,2.25
2011.03.17 13:22:34.483,0.64956,0.64988,2.25,2.25
2011.03.17 13:22:34.806,0.64959,0.6499,2.25,2.25
2011.03.17 13:22:35.205,0.64957,0.64987,2.40,3.19
2011.03.17 13:22:35.316,0.64951,0.6498,2.25,2.25
2011.03.17 13:22:35.536,0.64944,0.64975,2.25,2.25
2011.03.17 13:22:35.646,0.64941,0.64974,2.25,2.44
2011.03.17 13:22:36.086,0.64939,0.64969,2.25,2.25
2011.03.17 13:22:36.195,0.6494,0.64972,2.25,2.44
2011.03.17 13:22:36.415,0.64939,0.64969,2.25,2.25
2011.03.17 13:22:36.745,0.6494,0.64971,2.25,2.44
2011.03.17 13:22:38.296,0.64941,0.64971,2.25,2.44
2011.03.17 13:22:38.796,0.6494,0.64971,2.25,2.44
2011.03.17 13:22:39.348,0.64941,0.6497,2.25,2.25
2011.03.17 13:22:39.800,0.64943,0.64975,2.25,2.44
2011.03.17 13:22:39.905,0.64943,0.64975,2.25,2.44
2011.03.17 13:22:40.167,0.64942,0.64973,2.25,2.25
2011.03.17 13:22:42.275,0.64939,0.64969,2.25,2.25
2011.03.17 13:22:44.495,0.64939,0.64969,2.25,2.44
2011.03.17 13:22:44.606,0.6493,0.64961,2.40,2.25
2011.03.17 13:22:44.717,0.64936,0.64965,2.40,2.25
2011.03.17 13:22:45.155,0.64935,0.64966,2.25,2.44
2011.03.17 13:22:45.525,0.64937,0.64966,2.25,2.44
2011.03.17 13:22:46.756,0.6494,0.64972,2.25,2.25
2011.03.17 13:22:48.766,0.64942,0.64974,2.25,2.44
2011.03.17 13:22:49.345,0.64942,0.64974,2.25,2.25
2011.03.17 13:22:49.677,0.64946,0.64975,2.25,2.25
2011.03.17 13:22:49.785,0.64946,0.64981,2.25,2.44
2011.03.17 13:22:50.085,0.6495,0.6498,2.25,2.44
2011.03.17 13:22:50.965,0.64946,0.64981,2.25,2.44
2011.03.17 13:22:51.295,0.64941,0.64976,2.25,2.25
2011.03.17 13:22:52.096,0.64941,0.64972,2.25,2.25
2011.03.17 13:22:52.577,0.64941,0.6497,2.25,2.25
2011.03.17 13:22:52.685,0.6494,0.64972,2.25,2.25
2011.03.17 13:22:52.795,0.64943,0.64974,2.25,2.25
2011.03.17 13:22:53.125,0.64945,0.64975,2.25,2.25
2011.03.17 13:22:54.099,0.64945,0.64976,2.25,2.25
2011.03.17 13:22:54.535,0.64943,0.64972,2.25,2.25
2011.03.17 13:22:55.925,0.64938,0.64967,2.25,2.25
2011.03.17 13:22:56.476,0.64933,0.64964,2.25,2.25
2011.03.17 13:22:57.596,0.64933,0.64964,2.25,3.19
2011.03.17 13:22:57.705,0.64928,0.64959,2.25,2.44
2011.03.17 13:22:58.036,0.64928,0.64959,2.25,3.19
2011.03.17 13:22:58.146,0.64924,0.64955,2.25,2.44
2011.03.17 13:22:59.805,0.64923,0.64953,2.25,2.44
2011.03.17 13:23:00.367,0.64924,0.64955,2.25,2.44
2011.03.17 13:23:00.606,0.64925,0.64955,2.40,2.44
2011.03.17 13:23:00.936,0.64929,0.64958,2.25,3.19
2011.03.17 13:23:01.045,0.64929,0.64958,2.25,2.44
2011.03.17 13:23:08.116,0.64933,0.64964,2.25,2.25
2011.03.17 13:23:13.135,0.64933,0.64964,2.40,2.25
2011.03.17 13:23:13.246,0.64933,0.64964,2.25,2.25
2011.03.17 13:23:14.996,0.64938,0.64967,2.25,2.25
2011.03.17 13:23:20.197,0.64941,0.64971,2.25,3.19
2011.03.17 13:23:20.307,0.64941,0.64971,2.25,2.25
2011.03.17 13:23:20.416,0.64945,0.64976,2.25,2.25
2011.03.17 13:23:22.455,0.64942,0.64973,2.25,2.25
2011.03.17 13:23:24.605,0.6494,0.64972,2.25,3.19
2011.03.17 13:23:25.856,0.64944,0.64976,2.25,2.25
2011.03.17 13:23:29.085,0.64945,0.64975,2.25,2.25
2011.03.17 13:23:30.447,0.64946,0.64975,2.25,2.25
2011.03.17 13:23:31.816,0.6495,0.6498,2.25,2.25
2011.03.17 13:23:32.277,0.64954,0.64985,2.25,3.19
2011.03.17 13:23:33.767,0.64958,0.64987,2.25,3.19
2011.03.17 13:23:33.995,0.64955,0.64985,2.25,3.19
2011.03.17 13:23:35.575,0.64958,0.64989,2.25,3.19
2011.03.17 13:23:36.615,0.6496,0.6499,2.25,3.19
2011.03.17 13:23:36.725,0.6496,0.6499,2.25,2.44
2011.03.17 13:23:37.248,0.64957,0.64986,2.25,2.25
2011.03.17 13:23:38.066,0.64961,0.6499,2.25,2.44
2011.03.17 13:23:38.396,0.6496,0.64991,2.25,2.25
2011.03.17 13:23:38.506,0.64965,0.64996,2.25,2.25
2011.03.17 13:23:38.615,0.64969,0.65002,2.25,2.44
2011.03.17 13:23:38.887,0.64975,0.65006,2.25,3.19
2011.03.17 13:23:41.437,0.64973,0.65005,2.25,3.19
2011.03.17 13:23:41.655,0.64973,0.65005,2.25,2.25
2011.03.17 13:23:41.766,0.64969,0.65002,2.25,2.25
2011.03.17 13:23:42.136,0.64972,0.65003,2.25,2.25
2011.03.17 13:23:42.356,0.64972,0.65007,2.25,2.44
2011.03.17 13:23:42.465,0.64976,0.65008,2.25,2.44
2011.03.17 13:23:43.137,0.64975,0.65007,2.25,2.44
2011.03.17 13:23:48.725,0.64974,0.65004,2.25,2.25
2011.03.17 13:23:49.166,0.64976,0.65009,2.25,2.44
2011.03.17 13:23:49.276,0.64974,0.65009,2.25,2.44
2011.03.17 13:23:50.526,0.64981,0.6501,2.25,2.25
2011.03.17 13:23:52.157,0.64985,0.65015,2.25,2.44
2011.03.17 13:23:56.836,0.64985,0.6502,2.25,2.44
2011.03.17 13:23:56.945,0.64987,0.65019,2.25,2.25
2011.03.17 13:24:02.386,0.64983,0.65014,2.25,2.25
2011.03.17 13:24:06.866,0.64978,0.6501,2.25,2.25
2011.03.17 13:24:09.267,0.64983,0.65014,2.25,2.25
2011.03.17 13:24:11.975,0.64987,0.65017,2.25,2.44
2011.03.17 13:24:12.576,0.64987,0.65017,2.25,2.25
2011.03.17 13:24:12.878,0.64992,0.65021,2.25,2.44
2011.03.17 13:24:14.040,0.64992,0.65021,2.25,2.25
2011.03.17 13:24:14.556,0.64993,0.65024,2.25,2.44
2011.03.17 13:24:14.997,0.64997,0.6503,2.25,3.19
2011.03.17 13:24:15.106,0.65001,0.65034,2.25,2.59
2011.03.17 13:24:16.466,0.65001,0.65034,2.25,3.34
2011.03.17 13:24:16.575,0.64998,0.65029,2.25,2.44
2011.03.17 13:24:27.036,0.64989,0.6502,2.25,2.44
2011.03.17 13:24:28.912,0.64989,0.6502,2.25,2.25
2011.03.17 13:24:29.249,0.64998,0.65029,2.25,2.25
2011.03.17 13:24:30.777,0.64999,0.65029,2.25,2.40
2011.03.17 13:24:31.348,0.65,0.65031,2.25,2.40
2011.03.17 13:24:32.607,0.65,0.65031,2.25,2.40
2011.03.17 13:24:32.873,0.65,0.65031,2.25,2.25
2011.03.17 13:24:33.204,0.65,0.65031,2.25,2.40
2011.03.17 13:24:34.957,0.65,0.65031,2.25,2.25
2011.03.17 13:24:35.396,0.65001,0.65036,2.25,2.25
2011.03.17 13:24:35.617,0.65003,0.65036,2.25,2.25
2011.03.17 13:24:36.188,0.65002,0.65037,2.25,2.25
2011.03.17 13:24:36.710,0.65001,0.65036,2.25,2.25
2011.03.17 13:24:37.036,0.65003,0.65037,2.25,2.25
2011.03.17 13:24:37.616,0.65003,0.6504,2.25,2.44
2011.03.17 13:24:37.993,0.65003,0.6504,2.25,2.25
2011.03.17 13:24:39.827,0.65006,0.6504,2.25,2.25
2011.03.17 13:24:39.935,0.65005,0.65042,2.25,2.25
2011.03.17 13:24:40.488,0.65006,0.65041,2.25,2.25
2011.03.17 13:24:41.117,0.65007,0.65041,2.25,2.25
2011.03.17 13:24:42.255,0.65006,0.65037,2.25,2.25
2011.03.17 13:24:42.817,0.65006,0.65036,2.25,2.25
2011.03.17 13:24:44.226,0.65006,0.65036,2.25,3.19
2011.03.17 13:24:44.465,0.64996,0.65028,2.25,2.44
2011.03.17 13:24:44.708,0.64996,0.65028,2.25,2.25
2011.03.17 13:24:46.225,0.65001,0.65031,2.25,2.44
2011.03.17 13:24:48.399,0.65003,0.65032,2.25,2.44
2011.03.17 13:24:48.818,0.65,0.65029,2.25,2.25
2011.03.17 13:24:49.036,0.65003,0.65032,2.25,2.44
2011.03.17 13:24:50.136,0.64997,0.65029,2.25,2.25
2011.03.17 13:24:55.405,0.65002,0.65031,2.25,2.44
2011.03.17 13:24:55.745,0.65004,0.65035,2.25,2.25
2011.03.17 13:24:56.548,0.65004,0.65036,2.25,2.25
2011.03.17 13:24:58.695,0.65007,0.65038,2.25,2.59
2011.03.17 13:24:58.806,0.65001,0.65033,2.25,2.25
2011.03.17 13:24:59.546,0.64997,0.65028,2.25,2.44
2011.03.17 13:25:00.016,0.64992,0.65024,2.25,2.44
2011.03.17 13:25:00.687,0.64996,0.65025,2.25,3.19
2011.03.17 13:25:01.785,0.64991,0.65025,2.25,3.19
2011.03.17 13:25:02.236,0.64989,0.6502,2.25,2.44
2011.03.17 13:25:02.456,0.64986,0.65015,2.25,2.25
2011.03.17 13:25:02.785,0.64984,0.65015,2.25,2.44
2011.03.17 13:25:02.896,0.64982,0.65012,2.25,2.25
2011.03.17 13:25:03.728,0.64983,0.65012,2.25,2.25
2011.03.17 13:25:04.175,0.64982,0.65014,2.25,2.44
2011.03.17 13:25:05.497,0.64982,0.65014,2.25,3.19
2011.03.17 13:25:05.605,0.64979,0.65011,2.25,3.19
2011.03.17 13:25:06.155,0.6498,0.65009,2.25,2.44
2011.03.17 13:25:07.646,0.6498,0.65009,2.25,3.19
2011.03.17 13:25:07.865,0.64971,0.65002,2.25,2.44
2011.03.17 13:25:12.262,0.64973,0.65002,2.25,2.44
2011.03.17 13:25:15.157,0.64973,0.65002,2.25,2.25
2011.03.17 13:25:15.268,0.64977,0.65008,2.25,2.44
2011.03.17 13:25:15.376,0.6498,0.65012,2.25,2.44
2011.03.17 13:25:15.705,0.64983,0.65012,2.25,2.44
2011.03.17 13:25:15.925,0.64981,0.65011,2.25,2.44
2011.03.17 13:25:23.056,0.6498,0.65009,2.25,2.44
2011.03.17 13:25:25.447,0.64975,0.65005,2.25,2.25
2011.03.17 13:25:25.666,0.6497,0.65001,2.25,2.25
2011.03.17 13:25:25.776,0.64975,0.65004,2.25,2.25
2011.03.17 13:25:26.346,0.64975,0.65005,2.25,2.25
2011.03.17 13:25:26.987,0.64982,0.65011,2.25,3.34
2011.03.17 13:25:27.097,0.64981,0.65012,2.25,2.40
2011.03.17 13:25:27.207,0.64974,0.65006,2.25,2.44
2011.03.17 13:25:27.407,0.64981,0.65012,2.25,2.40
2011.03.17 13:25:27.520,0.64974,0.65005,2.25,2.25
2011.03.17 13:25:30.187,0.64975,0.65005,2.25,2.25
2011.03.17 13:25:30.457,0.64975,0.65005,2.25,3.19
2011.03.17 13:25:30.676,0.64967,0.64998,2.25,2.25
2011.03.17 13:25:30.786,0.64964,0.64995,2.25,2.25
2011.03.17 13:25:31.116,0.64962,0.64994,2.25,2.44
2011.03.17 13:25:31.526,0.64959,0.6499,2.25,2.25
2011.03.17 13:25:32.466,0.64954,0.64985,2.25,2.44
2011.03.17 13:25:35.995,0.64953,0.64982,2.25,2.25
2011.03.17 13:25:36.456,0.6495,0.64987,2.25,2.44
2011.03.17 13:25:36.574,0.64954,0.64985,2.25,2.44
2011.03.17 13:25:36.918,0.64951,0.6498,2.25,2.25
2011.03.17 13:25:37.026,0.64948,0.64979,2.25,2.25
2011.03.17 13:25:37.356,0.64946,0.6498,2.25,2.44
2011.03.17 13:25:38.246,0.64954,0.64983,2.25,3.19
2011.03.17 13:25:38.356,0.64947,0.64979,2.25,2.44
2011.03.17 13:25:39.027,0.64954,0.64983,2.25,3.19
2011.03.17 13:25:39.135,0.64948,0.64979,2.25,2.44
2011.03.17 13:25:39.645,0.64947,0.64979,2.40,2.44
2011.03.17 13:25:39.756,0.64954,0.64983,2.25,3.19
2011.03.17 13:25:39.975,0.64947,0.64976,2.25,2.25
2011.03.17 13:25:40.366,0.64947,0.64993,2.25,1.47
2011.03.17 13:25:40.916,0.64948,0.64994,2.25,1.09
2011.03.17 13:25:43.017,0.64948,0.64994,2.25,1.09
2011.03.17 13:25:43.157,0.64954,0.64989,2.25,1.69
2011.03.17 13:25:44.667,0.64955,0.64989,2.25,1.69
2011.03.17 13:25:45.295,0.64956,0.64985,2.25,1.69
2011.03.17 13:25:46.135,0.64957,0.64986,2.25,2.44
2011.03.17 13:25:46.918,0.64956,0.64985,2.25,2.44
2011.03.17 13:25:47.806,0.64955,0.64984,2.25,2.25
2011.03.17 13:25:48.365,0.64956,0.64991,2.25,2.25
2011.03.17 13:25:48.476,0.64958,0.64992,2.25,2.25
2011.03.17 13:25:48.898,0.6496,0.64991,2.25,2.25
2011.03.17 13:25:50.276,0.64961,0.64992,2.25,2.25
2011.03.17 13:25:50.606,0.64965,0.64994,2.25,2.25
2011.03.17 13:25:50.936,0.64961,0.6499,2.40,2.25
2011.03.17 13:25:54.006,0.64961,0.6499,3.19,2.25
2011.03.17 13:25:54.226,0.64973,0.65004,2.25,3.19
2011.03.17 13:25:54.902,0.64975,0.65006,2.25,3.19
2011.03.17 13:25:55.436,0.64974,0.65003,2.25,2.44
2011.03.17 13:25:57.196,0.64974,0.65003,2.25,2.25
2011.03.17 13:25:57.526,0.64979,0.65008,2.25,2.44
2011.03.17 13:25:59.979,0.64978,0.65009,2.25,2.44
2011.03.17 13:26:04.226,0.64976,0.65007,2.25,2.44
2011.03.17 13:26:06.596,0.64977,0.65008,2.25,2.44
2011.03.17 13:26:08.806,0.64976,0.65007,2.25,2.44
2011.03.17 13:26:09.025,0.64978,0.65007,2.25,2.44
2011.03.17 13:26:10.237,0.64978,0.65007,2.25,3.57
2011.03.17 13:26:10.346,0.64964,0.64995,2.25,2.44
2011.03.17 13:26:10.566,0.64959,0.6499,2.25,2.44
2011.03.17 13:26:11.136,0.6496,0.64992,2.25,3.19
2011.03.17 13:26:12.947,0.6496,0.64992,2.44,2.25
2011.03.17 13:26:13.167,0.64967,0.65003,2.25,3.19
2011.03.17 13:26:13.386,0.64965,0.64996,2.25,2.25
2011.03.17 13:26:15.295,0.64967,0.64996,2.25,2.44
2011.03.17 13:26:22.056,0.64968,0.64999,2.25,2.44
2011.03.17 13:26:23.496,0.64967,0.64996,2.25,2.44
2011.03.17 13:26:23.896,0.64969,0.65,2.25,2.25
2011.03.17 13:26:24.116,0.64971,0.65,2.25,2.25
2011.03.17 13:26:24.596,0.64968,0.64997,2.25,2.25
2011.03.17 13:26:25.019,0.6497,0.64999,2.25,2.25
2011.03.17 13:26:28.525,0.6497,0.65,2.25,2.25
2011.03.17 13:26:29.058,0.6497,0.65,2.40,2.25
2011.03.17 13:26:29.724,0.6497,0.65,2.25,2.25
2011.03.17 13:26:30.845,0.64969,0.65005,2.25,2.44
2011.03.17 13:26:31.506,0.64969,0.65,2.25,2.25
2011.03.17 13:26:35.537,0.64966,0.64998,2.40,2.25
2011.03.17 13:26:35.926,0.6497,0.64999,2.25,2.25
2011.03.17 13:26:36.616,0.64969,0.65001,2.25,2.25
2011.03.17 13:26:37.177,0.64971,0.65004,2.25,2.44
2011.03.17 13:26:38.276,0.64971,0.65004,2.40,2.44
2011.03.17 13:26:38.867,0.64971,0.65004,2.25,2.44
2011.03.17 13:26:41.085,0.64974,0.65005,2.25,2.44
2011.03.17 13:26:41.956,0.64972,0.65001,2.25,2.25
2011.03.17 13:26:43.965,0.64972,0.65002,2.25,2.25
2011.03.17 13:26:44.369,0.64975,0.65004,2.25,2.44
2011.03.17 13:26:44.476,0.64971,0.65002,2.25,2.25
2011.03.17 13:26:46.642,0.64967,0.64996,2.25,2.25
2011.03.17 13:26:46.967,0.64964,0.65,2.25,2.25
2011.03.17 13:26:47.186,0.64967,0.65003,2.25,2.25
2011.03.17 13:26:47.990,0.64963,0.64999,2.25,2.25
2011.03.17 13:26:48.318,0.64965,0.64999,2.25,2.25
2011.03.17 13:26:49.205,0.64977,0.65006,2.25,2.25
2011.03.17 13:26:51.155,0.64972,0.65001,2.25,2.44
2011.03.17 13:26:51.725,0.64974,0.65003,2.25,2.44
2011.03.17 13:26:53.606,0.64975,0.65006,2.25,3.19
2011.03.17 13:26:54.267,0.64975,0.65006,2.25,2.25
2011.03.17 13:26:54.376,0.6498,0.65009,2.25,2.44
2011.03.17 13:26:55.005,0.64983,0.65012,2.25,2.44
2011.03.17 13:26:55.116,0.64983,0.65012,2.25,2.25
2011.03.17 13:26:55.226,0.6498,0.65009,2.25,2.44
2011.03.17 13:26:55.556,0.64984,0.65013,2.25,3.19
2011.03.17 13:26:57.535,0.64979,0.65009,2.25,2.44
2011.03.17 13:26:58.047,0.6498,0.65009,2.25,2.44
2011.03.17 13:26:59.247,0.64979,0.6501,2.25,2.44
2011.03.17 13:27:02.485,0.64977,0.65008,2.25,2.25
2011.03.17 13:27:02.777,0.64977,0.65006,2.25,2.25
2011.03.17 13:27:03.295,0.64978,0.65007,2.25,2.25
2011.03.17 13:27:03.406,0.64979,0.6501,2.25,2.44
2011.03.17 13:27:03.657,0.64976,0.6501,2.25,2.44
2011.03.17 13:27:04.496,0.64977,0.6501,2.25,2.44
2011.03.17 13:27:04.606,0.6498,0.65011,2.25,2.44
2011.03.17 13:27:05.057,0.64982,0.65011,2.25,2.44
2011.03.17 13:27:13.626,0.64983,0.65012,2.25,2.44
2011.03.17 13:27:13.847,0.64983,0.65014,2.25,2.25
2011.03.17 13:27:13.956,0.64983,0.65014,2.25,3.19
2011.03.17 13:27:14.397,0.64972,0.65008,2.25,3.19
2011.03.17 13:27:14.916,0.64972,0.65008,2.40,2.25
2011.03.17 13:27:15.756,0.64974,0.65011,2.25,2.25
2011.03.17 13:27:16.377,0.64978,0.65014,2.25,2.44
2011.03.17 13:27:19.845,0.64978,0.65014,2.25,2.25
2011.03.17 13:27:21.346,0.64978,0.65014,2.40,2.25
2011.03.17 13:27:21.455,0.64978,0.65014,2.25,2.25
2011.03.17 13:27:21.786,0.64981,0.65017,2.25,2.25
2011.03.17 13:27:23.626,0.64989,0.65019,2.25,2.25
2011.03.17 13:27:24.286,0.6499,0.6502,2.25,2.25
2011.03.17 13:27:24.396,0.64993,0.65025,2.25,2.25
2011.03.17 13:27:25.089,0.64993,0.65024,2.25,2.25
2011.03.17 13:27:25.866,0.6499,0.65021,2.25,2.25
2011.03.17 13:27:27.346,0.64989,0.65021,2.25,2.25
2011.03.17 13:27:27.676,0.64987,0.65017,2.25,2.25
2011.03.17 13:27:29.056,0.64991,0.65021,2.25,2.25
2011.03.17 13:27:31.297,0.64991,0.65021,2.44,2.25
2011.03.17 13:27:31.728,0.64995,0.65027,2.25,2.44
2011.03.17 13:27:33.596,0.65,0.6503,2.25,3.19
2011.03.17 13:27:33.816,0.64991,0.65021,2.25,2.44
2011.03.17 13:27:34.538,0.64987,0.65017,2.44,2.25
2011.03.17 13:27:36.504,0.64987,0.65017,2.44,2.25
2011.03.17 13:27:36.620,0.64991,0.65022,2.25,2.44
2011.03.17 13:27:37.286,0.64992,0.65023,2.25,2.25
2011.03.17 13:27:37.838,0.64993,0.65023,2.25,2.25
2011.03.17 13:27:39.306,0.65002,0.65032,2.25,2.25
2011.03.17 13:27:39.636,0.64992,0.65024,2.25,2.25
2011.03.17 13:27:43.297,0.64992,0.65024,2.25,3.19
2011.03.17 13:27:43.406,0.64983,0.65015,2.25,2.25
2011.03.17 13:27:43.625,0.64993,0.65023,2.25,2.25
2011.03.17 13:27:50.119,0.65004,0.6504,2.25,2.25
2011.03.17 13:27:51.045,0.65003,0.65036,2.25,2.25
2011.03.17 13:27:51.307,0.65004,0.6504,2.25,2.25
2011.03.17 13:27:52.960,0.65004,0.65035,2.25,2.25
2011.03.17 13:27:53.616,0.65003,0.65034,2.25,2.25
2011.03.17 13:27:54.716,0.65,0.65033,2.25,2.25
2011.03.17 13:27:55.625,0.64997,0.65028,2.25,2.25
2011.03.17 13:27:55.845,0.64997,0.65035,2.25,2.44
2011.03.17 13:27:56.066,0.64993,0.6503,2.25,2.25
2011.03.17 13:27:56.745,0.65002,0.65033,2.25,2.25
2011.03.17 13:27:57.296,0.65,0.65033,2.25,2.25
2011.03.17 13:27:57.846,0.65002,0.65035,2.25,2.25
2011.03.17 13:27:58.396,0.65005,0.65038,2.25,2.25
2011.03.17 13:28:00.437,0.65002,0.65035,2.25,2.25
2011.03.17 13:28:01.385,0.65002,0.65035,2.55,2.25
2011.03.17 13:28:03.277,0.64999,0.65032,2.55,2.25
2011.03.17 13:28:03.617,0.64998,0.65029,2.55,2.25
2011.03.17 13:28:04.343,0.64999,0.6503,2.55,2.25
2011.03.17 13:28:04.776,0.64999,0.6503,2.55,2.44
2011.03.17 13:28:05.216,0.65001,0.65032,2.70,2.44
2011.03.17 13:28:05.437,0.64997,0.65029,2.55,3.19
2011.03.17 13:28:05.546,0.64997,0.65029,2.40,2.25
2011.03.17 13:28:06.096,0.64999,0.65037,2.40,3.19
2011.03.17 13:28:06.205,0.64999,0.65037,2.40,3.19
2011.03.17 13:28:06.425,0.65005,0.65042,2.25,3.19
2011.03.17 13:28:06.785,0.65005,0.65042,2.40,3.19
2011.03.17 13:28:07.256,0.65008,0.65045,2.25,2.44
2011.03.17 13:28:07.711,0.65003,0.65036,2.25,2.25
2011.03.17 13:28:10.425,0.65004,0.65035,2.25,2.25
2011.03.17 13:28:10.886,0.65003,0.65033,2.25,2.25
2011.03.17 13:28:11.395,0.65003,0.65034,2.25,2.25
2011.03.17 13:28:13.417,0.64996,0.65027,2.40,2.25
2011.03.17 13:28:14.098,0.64995,0.65027,2.40,2.25
2011.03.17 13:28:14.599,0.64995,0.65027,2.55,2.25
2011.03.17 13:28:14.707,0.64995,0.65027,2.40,2.25
2011.03.17 13:28:15.257,0.65,0.65031,2.25,2.25
2011.03.17 13:28:15.778,0.64999,0.6503,2.25,2.25
2011.03.17 13:28:15.886,0.64999,0.65032,2.25,2.25
2011.03.17 13:28:15.996,0.64999,0.6503,2.25,2.25
2011.03.17 13:28:17.372,0.64999,0.6503,2.40,2.25
2011.03.17 13:28:18.386,0.65003,0.65036,2.25,2.44
