2011.03.31 16:00:00.276,0.6993,0.69969,3.00,3.23
2011.03.31 16:00:00.386,0.6993,0.69969,3.15,3.23
2011.03.31 16:00:01.308,0.69928,0.69968,4.50,3.23
2011.03.31 16:00:02.416,0.69928,0.69968,4.65,3.23
2011.03.31 16:00:02.746,0.69929,0.6997,2.55,4.73
2011.03.31 16:00:02.856,0.69928,0.69968,2.85,3.23
2011.03.31 16:00:03.077,0.69928,0.69968,2.85,3.23
2011.03.31 16:00:03.516,0.69933,0.69974,2.85,3.38
2011.03.31 16:00:03.976,0.69933,0.69974,4.73,3.00
2011.03.31 16:00:04.660,0.69938,0.69979,2.48,4.35
2011.03.31 16:00:04.985,0.69937,0.69977,2.25,2.48
2011.03.31 16:00:05.426,0.69929,0.69968,3.38,3.23
2011.03.31 16:00:05.754,0.69929,0.69968,3.15,3.23
2011.03.31 16:00:06.006,0.69929,0.69968,3.00,3.23
2011.03.31 16:00:06.665,0.69929,0.69968,2.85,3.23
2011.03.31 16:00:07.357,0.69933,0.6997,2.25,2.10
2011.03.31 16:00:07.928,0.6993,0.6997,3.38,2.48
2011.03.31 16:00:08.458,0.6993,0.69968,1.13,2.85
2011.03.31 16:00:08.566,0.69927,0.69968,3.38,3.38
2011.03.31 16:00:08.674,0.69927,0.69963,2.78,2.10
2011.03.31 16:00:08.916,0.69927,0.69968,3.38,2.85
2011.03.31 16:00:09.467,0.69948,0.69969,2.48,2.25
2011.03.31 16:00:09.577,0.69952,0.69991,2.85,2.85
2011.03.31 16:00:09.686,0.69952,0.69991,4.35,2.25
2011.03.31 16:00:10.237,0.69957,0.69986,2.25,2.10
2011.03.31 16:00:12.055,0.69948,0.69972,2.25,2.48
2011.03.31 16:00:12.276,0.69938,0.6997,1.13,2.25
2011.03.31 16:00:12.385,0.69943,0.69979,2.25,2.10
2011.03.31 16:00:12.496,0.69943,0.69979,2.40,2.48
2011.03.31 16:00:12.975,0.6994,0.69978,1.28,2.85
2011.03.31 16:00:13.085,0.69942,0.69981,1.13,3.23
2011.03.31 16:00:13.416,0.69943,0.69982,3.00,4.73
2011.03.31 16:00:13.966,0.6995,0.69981,2.48,2.25
2011.03.31 16:00:14.445,0.69955,0.69992,2.10,2.25
2011.03.31 16:00:15.175,0.6995,0.69992,4.73,2.85
2011.03.31 16:00:16.696,0.69948,0.69987,4.73,4.35
2011.03.31 16:00:17.465,0.69948,0.69987,4.73,4.35
2011.03.31 16:00:17.576,0.69953,0.69987,2.48,2.85
2011.03.31 16:00:17.906,0.69958,0.69996,3.23,2.25
2011.03.31 16:00:18.348,0.69954,0.69991,4.50,2.10
2011.03.31 16:00:18.564,0.69957,0.69994,2.10,2.85
2011.03.31 16:00:19.675,0.69951,0.69991,4.88,2.10
2011.03.31 16:00:21.266,0.69956,0.69995,3.23,3.00
2011.03.31 16:00:22.845,0.69956,0.69989,2.25,2.48
2011.03.31 16:00:22.957,0.69951,0.69988,1.13,2.85
2011.03.31 16:00:23.754,0.69953,0.69992,3.38,2.85
2011.03.31 16:00:25.265,0.69953,0.69992,3.53,2.25
2011.03.31 16:00:25.506,0.69956,0.69992,1.13,2.25
2011.03.31 16:00:25.745,0.69956,0.69997,3.15,2.48
2011.03.31 16:00:26.295,0.69955,0.69994,3.38,2.85
2011.03.31 16:00:27.465,0.69955,0.69994,3.23,2.85
2011.03.31 16:00:28.200,0.69955,0.69994,3.00,2.85
2011.03.31 16:00:28.944,0.69955,0.69989,2.40,2.10
2011.03.31 16:00:29.055,0.6995,0.69989,2.78,2.10
2011.03.31 16:00:29.275,0.6995,0.69988,2.40,2.10
2011.03.31 16:00:29.385,0.69943,0.69988,2.78,2.10
2011.03.31 16:00:30.454,0.69943,0.69989,2.78,3.23
2011.03.31 16:00:30.765,0.69943,0.69989,2.40,3.23
2011.03.31 16:00:30.898,0.69943,0.69989,2.25,3.23
2011.03.31 16:00:31.669,0.6994,0.69982,2.78,3.23
2011.03.31 16:00:32.256,0.69937,0.69976,2.93,2.25
2011.03.31 16:00:34.186,0.69937,0.69976,2.93,4.35
2011.03.31 16:00:35.097,0.69931,0.69972,2.55,3.23
2011.03.31 16:00:35.869,0.69931,0.69972,2.55,3.23
2011.03.31 16:00:36.426,0.6993,0.69969,2.40,3.23
2011.03.31 16:00:36.647,0.69929,0.6997,3.53,2.85
2011.03.31 16:00:38.818,0.69931,0.69972,2.55,3.23
2011.03.31 16:00:39.424,0.69928,0.69967,3.15,2.25
2011.03.31 16:00:39.926,0.69928,0.69967,3.00,2.25
2011.03.31 16:00:40.035,0.69928,0.69967,3.15,2.63
2011.03.31 16:00:40.145,0.69928,0.69967,3.00,2.63
2011.03.31 16:00:40.255,0.69924,0.69966,2.93,3.23
2011.03.31 16:00:42.150,0.69924,0.69966,2.78,3.23
2011.03.31 16:00:43.645,0.69924,0.69966,2.63,2.85
2011.03.31 16:00:43.755,0.69927,0.69967,3.23,2.10
2011.03.31 16:00:45.197,0.69918,0.6996,4.35,2.10
2011.03.31 16:00:45.748,0.69925,0.6996,2.25,2.10
2011.03.31 16:00:46.375,0.6992,0.69959,3.23,3.23
2011.03.31 16:00:46.704,0.6992,0.69958,2.63,2.10
2011.03.31 16:00:48.226,0.69916,0.69956,1.13,4.35
2011.03.31 16:00:48.445,0.69916,0.69956,1.13,4.35
2011.03.31 16:00:49.505,0.69918,0.69956,2.25,2.10
2011.03.31 16:00:50.026,0.69918,0.69958,2.85,2.48
2011.03.31 16:00:50.247,0.69915,0.69953,2.25,2.10
2011.03.31 16:00:51.040,0.69913,0.69952,2.85,2.85
2011.03.31 16:00:52.136,0.69913,0.69953,3.00,2.48
2011.03.31 16:00:52.485,0.69914,0.69955,2.40,3.23
2011.03.31 16:00:52.994,0.69914,0.69955,2.40,3.23
2011.03.31 16:00:53.598,0.69914,0.69955,2.40,3.23
2011.03.31 16:00:54.306,0.69914,0.69948,2.40,2.48
2011.03.31 16:00:54.796,0.69906,0.69945,2.40,3.23
2011.03.31 16:00:54.818,0.69915,0.69954,2.25,3.23
2011.03.31 16:00:54.925,0.69912,0.6995,1.13,2.85
2011.03.31 16:00:55.471,0.69914,0.69954,2.25,1.13
2011.03.31 16:00:55.585,0.69914,0.69955,2.40,3.23
2011.03.31 16:00:58.096,0.69908,0.69952,3.00,3.23
2011.03.31 16:00:58.606,0.69908,0.69952,3.15,3.23
2011.03.31 16:00:59.046,0.69911,0.69955,3.00,2.85
2011.03.31 16:00:59.654,0.69912,0.69956,3.00,2.85
2011.03.31 16:01:01.196,0.69912,0.69956,3.30,2.85
2011.03.31 16:01:01.416,0.69916,0.69959,1.28,2.85
2011.03.31 16:01:02.059,0.69917,0.69961,3.00,2.85
2011.03.31 16:01:02.177,0.69918,0.69961,1.13,2.85
2011.03.31 16:01:02.286,0.69924,0.69963,2.25,2.25
2011.03.31 16:01:02.675,0.69917,0.69961,3.00,2.25
2011.03.31 16:01:02.785,0.69918,0.69961,1.13,2.25
2011.03.31 16:01:02.897,0.69924,0.69963,2.63,2.25
2011.03.31 16:01:03.007,0.69924,0.69963,2.40,2.63
2011.03.31 16:01:03.375,0.69917,0.69961,3.00,2.25
2011.03.31 16:01:03.499,0.69917,0.69961,3.00,2.25
2011.03.31 16:01:03.605,0.69917,0.69968,3.00,1.13
2011.03.31 16:01:03.714,0.69917,0.69971,3.00,3.00
2011.03.31 16:01:04.137,0.69917,0.69971,3.15,3.00
2011.03.31 16:01:06.195,0.69917,0.69971,3.00,2.85
2011.03.31 16:01:06.975,0.69918,0.6997,3.15,2.25
2011.03.31 16:01:07.085,0.69925,0.69972,2.40,2.25
2011.03.31 16:01:07.195,0.69925,0.69972,2.25,2.25
2011.03.31 16:01:07.305,0.69925,0.69972,2.25,2.63
2011.03.31 16:01:07.999,0.69923,0.69964,2.63,2.63
2011.03.31 16:01:08.374,0.69923,0.69964,2.78,2.63
2011.03.31 16:01:08.916,0.69926,0.69965,2.40,2.63
2011.03.31 16:01:09.246,0.69922,0.69962,2.40,3.23
2011.03.31 16:01:09.465,0.69917,0.69958,2.93,2.85
2011.03.31 16:01:09.688,0.69922,0.69962,2.40,3.23
2011.03.31 16:01:10.950,0.69922,0.69955,1.13,2.25
2011.03.31 16:01:11.176,0.69924,0.69963,2.63,2.25
2011.03.31 16:01:11.729,0.69925,0.69966,2.25,3.23
2011.03.31 16:01:12.186,0.69925,0.69966,2.63,3.23
2011.03.31 16:01:12.848,0.69927,0.69966,2.78,2.85
2011.03.31 16:01:13.977,0.69927,0.69966,2.78,2.85
2011.03.31 16:01:14.305,0.6993,0.69968,3.23,2.10
2011.03.31 16:01:14.646,0.69932,0.69972,2.10,4.35
2011.03.31 16:01:14.757,0.69924,0.69966,2.25,3.23
2011.03.31 16:01:15.814,0.69919,0.69963,3.00,2.10
2011.03.31 16:01:18.345,0.69917,0.69963,2.78,2.85
2011.03.31 16:01:18.455,0.69917,0.69963,3.08,2.85
2011.03.31 16:01:18.565,0.69917,0.69963,2.55,3.23
2011.03.31 16:01:18.897,0.69917,0.69963,3.08,2.85
2011.03.31 16:01:19.756,0.69915,0.69959,3.08,2.25
2011.03.31 16:01:19.865,0.69919,0.69963,2.78,2.85
2011.03.31 16:01:19.975,0.69919,0.69963,3.53,2.25
2011.03.31 16:01:20.195,0.69919,0.69963,2.78,2.85
2011.03.31 16:01:20.305,0.69915,0.69956,2.93,2.25
2011.03.31 16:01:20.865,0.69915,0.69956,2.55,2.63
2011.03.31 16:01:21.209,0.69911,0.69953,2.93,2.25
2011.03.31 16:01:21.546,0.69912,0.69951,2.78,2.25
2011.03.31 16:01:24.365,0.6991,0.69951,3.08,2.63
2011.03.31 16:01:24.585,0.69913,0.69958,3.15,2.85
2011.03.31 16:01:29.227,0.69912,0.69957,1.13,2.85
2011.03.31 16:01:29.779,0.6991,0.69956,3.15,2.85
2011.03.31 16:01:31.007,0.69916,0.6996,2.55,3.23
2011.03.31 16:01:31.268,0.69916,0.6996,2.40,3.23
2011.03.31 16:01:31.765,0.69912,0.69959,3.15,2.85
2011.03.31 16:01:31.985,0.69912,0.69959,3.00,2.85
2011.03.31 16:01:32.315,0.69912,0.69959,2.55,3.23
2011.03.31 16:01:32.818,0.6991,0.69951,2.93,2.25
2011.03.31 16:01:35.335,0.6991,0.69951,2.93,2.25
2011.03.31 16:01:36.250,0.6991,0.69951,2.93,2.25
2011.03.31 16:01:37.236,0.6991,0.69951,2.78,2.25
2011.03.31 16:01:37.497,0.6991,0.69951,2.93,2.25
2011.03.31 16:01:38.035,0.69912,0.69951,3.38,2.25
2011.03.31 16:01:38.708,0.69915,0.69959,2.40,2.48
2011.03.31 16:01:39.379,0.69915,0.69959,2.40,2.63
2011.03.31 16:01:40.188,0.69915,0.69959,2.55,2.48
2011.03.31 16:01:40.706,0.69915,0.69959,2.40,2.63
2011.03.31 16:01:41.627,0.69915,0.69961,3.53,2.85
2011.03.31 16:01:42.911,0.69915,0.69962,3.15,3.23
2011.03.31 16:01:44.758,0.69916,0.69961,3.00,3.38
2011.03.31 16:01:45.796,0.69913,0.69954,2.40,2.63
2011.03.31 16:01:46.558,0.69913,0.69954,2.40,2.63
2011.03.31 16:01:47.078,0.69913,0.69954,2.78,2.25
2011.03.31 16:01:47.186,0.69913,0.69954,2.93,2.25
2011.03.31 16:01:47.817,0.69916,0.69957,2.55,3.23
2011.03.31 16:01:48.325,0.69916,0.69957,2.55,3.23
2011.03.31 16:01:48.546,0.69914,0.69955,2.78,2.25
2011.03.31 16:01:49.238,0.69914,0.69955,2.78,2.63
2011.03.31 16:01:49.918,0.69918,0.69957,3.15,2.25
2011.03.31 16:01:51.245,0.69917,0.69954,2.40,2.25
2011.03.31 16:01:51.355,0.69918,0.69957,3.00,2.63
2011.03.31 16:01:51.466,0.69918,0.69957,3.38,2.25
2011.03.31 16:01:51.575,0.69918,0.69957,3.53,2.25
2011.03.31 16:01:53.486,0.69918,0.69957,3.38,2.25
2011.03.31 16:01:53.595,0.69922,0.69963,3.00,2.63
2011.03.31 16:01:53.706,0.69925,0.69966,2.25,3.23
2011.03.31 16:01:53.817,0.69921,0.6996,1.13,2.25
2011.03.31 16:01:54.158,0.69923,0.69961,1.13,2.25
2011.03.31 16:01:54.976,0.69921,0.69961,1.13,2.25
2011.03.31 16:01:55.458,0.69923,0.69961,1.13,2.25
2011.03.31 16:01:55.976,0.69921,0.69961,1.13,2.25
2011.03.31 16:01:57.415,0.69923,0.69961,1.13,2.25
2011.03.31 16:02:01.065,0.69926,0.69961,1.13,2.25
2011.03.31 16:02:01.175,0.69925,0.69965,3.23,2.25
2011.03.31 16:02:02.757,0.69925,0.69965,2.85,3.23
2011.03.31 16:02:03.389,0.6992,0.69961,3.23,2.25
2011.03.31 16:02:03.605,0.69924,0.69963,3.23,2.25
2011.03.31 16:02:06.188,0.69924,0.69963,2.85,2.40
2011.03.31 16:02:06.595,0.69922,0.69961,3.38,2.25
2011.03.31 16:02:08.535,0.69921,0.6996,3.38,2.25
2011.03.31 16:02:11.918,0.69921,0.6996,3.23,2.40
2011.03.31 16:02:12.660,0.69912,0.69951,3.23,2.10
2011.03.31 16:02:12.985,0.69908,0.69947,2.85,2.85
2011.03.31 16:02:13.245,0.699,0.69946,4.73,2.25
2011.03.31 16:02:13.355,0.69907,0.69948,3.23,2.25
2011.03.31 16:02:14.434,0.69909,0.69948,1.13,2.25
2011.03.31 16:02:14.987,0.69907,0.69948,3.23,2.25
2011.03.31 16:02:15.096,0.6991,0.69955,2.63,2.85
2011.03.31 16:02:17.205,0.6991,0.69955,2.63,2.85
2011.03.31 16:02:18.116,0.6991,0.69955,2.78,2.85
2011.03.31 16:02:18.886,0.6991,0.69955,2.78,2.85
2011.03.31 16:02:20.174,0.6991,0.69955,3.38,2.25
2011.03.31 16:02:22.267,0.6991,0.69955,3.23,2.40
2011.03.31 16:02:22.675,0.69912,0.69958,2.78,3.00
2011.03.31 16:02:22.785,0.69912,0.69959,2.63,3.15
2011.03.31 16:02:23.005,0.69912,0.69959,2.63,2.85
2011.03.31 16:02:23.704,0.69914,0.69958,2.78,2.85
2011.03.31 16:02:26.129,0.69912,0.69959,2.78,2.85
2011.03.31 16:02:26.969,0.69915,0.69961,2.25,3.23
2011.03.31 16:02:27.618,0.69914,0.69958,2.78,2.85
2011.03.31 16:02:27.948,0.69914,0.69958,2.63,3.00
2011.03.31 16:02:29.465,0.69911,0.69955,3.38,2.25
2011.03.31 16:02:30.396,0.6991,0.69955,3.23,2.25
2011.03.31 16:02:30.914,0.69911,0.69955,1.13,2.25
2011.03.31 16:02:31.738,0.69912,0.69958,2.25,3.38
2011.03.31 16:02:31.955,0.6991,0.69955,3.23,2.25
2011.03.31 16:02:32.563,0.69911,0.69955,1.13,2.25
2011.03.31 16:02:35.069,0.69912,0.69958,2.40,3.38
2011.03.31 16:02:35.285,0.6991,0.69955,3.38,2.25
2011.03.31 16:02:38.879,0.6991,0.69954,3.00,2.25
2011.03.31 16:02:40.067,0.69908,0.69951,1.13,2.25
2011.03.31 16:02:40.286,0.69909,0.69955,3.00,2.25
2011.03.31 16:02:40.656,0.69907,0.69953,3.38,2.25
2011.03.31 16:02:41.209,0.69908,0.69952,3.00,2.25
2011.03.31 16:02:41.664,0.6991,0.69954,3.38,2.25
2011.03.31 16:02:42.498,0.6991,0.69954,3.23,2.40
2011.03.31 16:02:42.715,0.69907,0.6995,1.13,2.25
2011.03.31 16:02:45.934,0.69907,0.6995,1.05,2.25
2011.03.31 16:02:46.266,0.69907,0.69953,3.68,2.25
2011.03.31 16:02:46.485,0.69909,0.69956,3.15,2.63
2011.03.31 16:02:46.705,0.69909,0.69956,3.38,2.63
2011.03.31 16:02:49.176,0.69909,0.69955,3.00,2.40
2011.03.31 16:02:49.786,0.69908,0.69952,3.23,2.25
2011.03.31 16:02:50.389,0.69908,0.69953,1.13,2.25
2011.03.31 16:02:53.615,0.69907,0.69953,3.00,2.63
2011.03.31 16:02:53.958,0.69903,0.6995,3.38,2.85
2011.03.31 16:02:54.996,0.69903,0.6995,3.00,3.23
2011.03.31 16:02:55.364,0.69903,0.6995,3.15,3.23
2011.03.31 16:02:57.216,0.69907,0.69953,1.13,2.63
2011.03.31 16:02:58.467,0.69906,0.69953,3.23,2.78
2011.03.31 16:02:58.576,0.69906,0.69951,3.23,1.13
2011.03.31 16:02:58.906,0.69907,0.69952,2.63,2.85
2011.03.31 16:03:00.430,0.69907,0.69952,2.93,2.85
2011.03.31 16:03:00.646,0.6991,0.69955,1.13,2.25
2011.03.31 16:03:01.967,0.69909,0.69955,3.23,2.40
2011.03.31 16:03:11.675,0.69909,0.69955,2.63,3.00
2011.03.31 16:03:17.160,0.69909,0.69955,2.63,3.15
2011.03.31 16:03:17.486,0.69905,0.69949,3.23,2.40
2011.03.31 16:03:18.036,0.69906,0.69949,1.13,2.25
2011.03.31 16:03:19.955,0.69906,0.6995,3.38,2.25
2011.03.31 16:03:20.625,0.69905,0.69949,3.23,2.40
2011.03.31 16:03:20.845,0.69906,0.6995,1.13,2.25
2011.03.31 16:03:25.337,0.69906,0.69951,1.13,2.25
2011.03.31 16:03:25.616,0.69908,0.69952,1.13,2.85
2011.03.31 16:03:26.148,0.69908,0.69953,1.13,2.25
2011.03.31 16:03:35.208,0.69906,0.69953,3.00,2.78
2011.03.31 16:03:35.319,0.69903,0.69948,1.13,2.25
2011.03.31 16:03:35.459,0.69903,0.69948,1.28,2.25
2011.03.31 16:03:35.981,0.69903,0.69948,1.28,2.25
2011.03.31 16:03:39.416,0.69909,0.69948,1.13,2.25
2011.03.31 16:03:39.525,0.69909,0.69955,3.38,2.25
2011.03.31 16:03:39.636,0.69911,0.69955,1.28,2.25
2011.03.31 16:03:40.209,0.69911,0.69955,1.28,2.25
2011.03.31 16:03:40.848,0.69911,0.69953,1.28,2.25
2011.03.31 16:03:40.955,0.69911,0.69953,1.13,2.25
2011.03.31 16:03:41.540,0.69908,0.69952,3.38,2.25
2011.03.31 16:03:42.696,0.69908,0.69952,2.78,2.85
2011.03.31 16:03:42.805,0.69908,0.69952,2.40,3.23
2011.03.31 16:03:43.134,0.69907,0.69953,2.63,2.85
2011.03.31 16:03:46.475,0.69907,0.69953,2.63,3.00
2011.03.31 16:03:47.401,0.69907,0.69951,2.63,1.13
2011.03.31 16:03:47.774,0.69906,0.69945,3.23,2.25
2011.03.31 16:03:47.995,0.69907,0.69953,2.78,3.00
2011.03.31 16:03:49.365,0.69907,0.69953,2.63,3.00
2011.03.31 16:03:51.876,0.69907,0.69953,2.78,3.00
2011.03.31 16:03:51.986,0.6991,0.69955,2.25,3.23
2011.03.31 16:03:52.315,0.69908,0.69947,2.63,2.25
2011.03.31 16:03:52.425,0.6991,0.69955,2.63,3.00
2011.03.31 16:04:02.176,0.6991,0.69955,3.23,2.40
2011.03.31 16:04:02.819,0.6991,0.69955,3.38,2.25
2011.03.31 16:04:03.466,0.6991,0.69955,3.38,2.25
2011.03.31 16:04:03.925,0.69909,0.69955,3.23,2.40
2011.03.31 16:04:04.585,0.69909,0.69955,3.23,2.55
2011.03.31 16:04:06.326,0.69909,0.69955,3.23,2.40
2011.03.31 16:04:06.667,0.69909,0.69955,2.63,3.00
2011.03.31 16:04:06.996,0.69907,0.69946,2.78,2.25
2011.03.31 16:04:07.727,0.69907,0.69946,2.78,2.25
2011.03.31 16:04:07.945,0.69909,0.69955,2.63,3.00
2011.03.31 16:04:10.905,0.69909,0.69955,2.63,2.85
2011.03.31 16:04:13.328,0.69909,0.69955,2.63,3.00
2011.03.31 16:04:14.275,0.69909,0.69955,3.23,2.40
2011.03.31 16:04:14.825,0.69906,0.69953,3.38,2.25
2011.03.31 16:04:14.936,0.69906,0.69951,1.13,2.25
2011.03.31 16:04:17.362,0.69907,0.69951,2.48,2.25
2011.03.31 16:04:17.585,0.69916,0.69963,3.23,3.00
2011.03.31 16:04:17.695,0.69915,0.69962,3.23,3.00
2011.03.31 16:04:17.805,0.69915,0.69962,2.85,3.38
2011.03.31 16:04:20.885,0.69916,0.69963,2.85,3.23
2011.03.31 16:04:22.826,0.69916,0.69963,3.00,2.63
2011.03.31 16:04:23.401,0.69918,0.69965,3.23,2.40
2011.03.31 16:04:30.797,0.69917,0.69962,1.13,2.25
2011.03.31 16:04:33.587,0.69915,0.69962,3.23,2.25
2011.03.31 16:04:34.246,0.69923,0.69962,2.63,2.25
2011.03.31 16:04:34.466,0.69928,0.69967,2.63,2.25
2011.03.31 16:04:34.576,0.69928,0.69967,4.73,2.25
2011.03.31 16:04:35.321,0.69932,0.69971,3.23,3.00
2011.03.31 16:04:36.135,0.69932,0.69971,3.23,2.85
2011.03.31 16:04:36.467,0.69936,0.69977,3.23,2.40
2011.03.31 16:04:37.606,0.69938,0.69979,3.23,3.15
2011.03.31 16:04:38.105,0.69939,0.69979,2.48,2.55
2011.03.31 16:04:39.497,0.69942,0.69981,3.23,2.55
2011.03.31 16:04:43.862,0.69942,0.69981,3.23,2.40
2011.03.31 16:04:44.427,0.69942,0.69983,3.23,3.30
2011.03.31 16:04:44.652,0.69942,0.69983,3.23,3.15
2011.03.31 16:04:48.555,0.69942,0.69983,3.23,2.85
2011.03.31 16:04:49.097,0.69939,0.69978,4.73,2.25
2011.03.31 16:04:55.155,0.69939,0.69978,4.73,2.55
2011.03.31 16:04:55.698,0.69939,0.69978,4.73,2.25
2011.03.31 16:05:09.556,0.6994,0.69981,3.23,2.25
2011.03.31 16:05:10.186,0.69939,0.6998,4.73,2.25
2011.03.31 16:05:11.738,0.69939,0.6998,4.73,2.40
2011.03.31 16:05:11.966,0.69939,0.6998,4.73,2.25
2011.03.31 16:05:12.406,0.69939,0.6998,4.73,2.40
2011.03.31 16:05:13.090,0.69939,0.6998,4.73,2.25
2011.03.31 16:05:13.384,0.69939,0.6998,4.73,2.40
2011.03.31 16:05:14.539,0.6994,0.69979,3.23,2.40
2011.03.31 16:05:17.394,0.69939,0.69978,4.73,2.25
2011.03.31 16:05:26.355,0.69939,0.6998,4.73,2.40
2011.03.31 16:05:26.686,0.69939,0.69979,2.48,2.55
2011.03.31 16:05:26.796,0.69939,0.69979,2.48,2.40
2011.03.31 16:05:33.157,0.69941,0.6998,1.13,2.25
2011.03.31 16:05:33.526,0.69939,0.6998,2.25,3.23
2011.03.31 16:05:33.879,0.69931,0.6997,3.38,2.25
2011.03.31 16:05:34.095,0.69939,0.6998,2.63,2.85
2011.03.31 16:05:36.137,0.6994,0.69979,3.23,2.40
2011.03.31 16:05:39.028,0.6994,0.69979,2.85,2.40
2011.03.31 16:05:39.799,0.69938,0.69978,3.23,2.25
2011.03.31 16:05:40.622,0.69941,0.69981,2.63,2.63
2011.03.31 16:05:41.268,0.69941,0.69981,2.63,2.78
2011.03.31 16:05:42.078,0.69941,0.69981,2.63,2.93
2011.03.31 16:05:43.177,0.69941,0.69981,2.63,2.78
2011.03.31 16:05:44.295,0.69941,0.69981,2.25,2.25
2011.03.31 16:05:44.746,0.69941,0.69981,2.25,2.40
2011.03.31 16:05:45.639,0.6994,0.69982,3.23,2.93
2011.03.31 16:05:46.179,0.69941,0.6998,2.25,2.55
2011.03.31 16:05:48.615,0.6994,0.69982,3.23,2.93
2011.03.31 16:05:51.466,0.6994,0.69982,3.23,2.78
2011.03.31 16:05:53.069,0.6994,0.69982,3.23,2.93
2011.03.31 16:05:54.606,0.6994,0.69982,2.63,3.38
2011.03.31 16:05:55.530,0.69941,0.69981,2.25,3.00
2011.03.31 16:05:56.177,0.69941,0.69981,2.40,2.85
2011.03.31 16:05:56.736,0.69938,0.69979,3.23,3.00
2011.03.31 16:05:57.923,0.69939,0.6998,3.23,3.15
2011.03.31 16:06:00.520,0.69939,0.69978,3.23,3.00
2011.03.31 16:06:02.718,0.69941,0.69981,2.25,3.00
2011.03.31 16:06:03.378,0.69939,0.69978,3.23,2.85
2011.03.31 16:06:03.842,0.69939,0.69977,2.63,2.10
2011.03.31 16:06:04.409,0.69929,0.6997,3.23,2.85
2011.03.31 16:06:04.608,0.69938,0.6997,2.10,2.25
2011.03.31 16:06:05.289,0.69938,0.69976,4.73,2.10
2011.03.31 16:06:14.527,0.69936,0.69975,2.25,2.48
2011.03.31 16:06:15.787,0.69935,0.69971,1.13,2.25
2011.03.31 16:06:16.335,0.69932,0.69971,2.85,3.23
2011.03.31 16:06:17.665,0.69928,0.69966,2.48,2.25
2011.03.31 16:06:18.217,0.69931,0.6997,1.13,2.85
2011.03.31 16:06:20.407,0.69932,0.69968,1.13,2.85
2011.03.31 16:06:20.735,0.69937,0.69972,2.10,2.85
2011.03.31 16:06:38.287,0.69936,0.69975,2.25,2.48
2011.03.31 16:06:38.395,0.69928,0.69967,3.23,2.25
2011.03.31 16:06:38.657,0.69928,0.69967,3.23,2.25
2011.03.31 16:06:38.986,0.69937,0.69971,2.48,2.25
2011.03.31 16:06:39.095,0.69937,0.69977,2.48,2.85
2011.03.31 16:06:51.297,0.69932,0.69971,3.23,2.25
2011.03.31 16:06:51.886,0.69933,0.69972,3.23,2.25
2011.03.31 16:06:53.305,0.69935,0.69974,3.23,2.63
2011.03.31 16:06:53.759,0.69933,0.69972,3.23,2.25
2011.03.31 16:06:56.875,0.69935,0.69974,3.23,2.78
2011.03.31 16:07:00.516,0.69935,0.69974,3.38,2.63
2011.03.31 16:07:00.625,0.69938,0.69978,2.25,2.85
2011.03.31 16:07:00.845,0.69938,0.69978,2.25,3.15
2011.03.31 16:07:01.515,0.69938,0.69978,2.25,3.00
2011.03.31 16:07:01.625,0.69938,0.69978,2.25,3.15
2011.03.31 16:07:01.735,0.69938,0.69978,2.25,2.85
2011.03.31 16:07:03.312,0.69938,0.69978,2.63,2.85
2011.03.31 16:07:03.416,0.69941,0.6998,3.23,2.40
2011.03.31 16:07:03.882,0.69941,0.6998,3.23,2.40
2011.03.31 16:07:04.215,0.69939,0.69978,3.23,2.25
2011.03.31 16:07:04.979,0.69941,0.69981,3.23,2.40
2011.03.31 16:07:05.755,0.69941,0.69981,3.23,2.25
2011.03.31 16:07:05.976,0.6994,0.69979,3.23,2.40
2011.03.31 16:07:06.085,0.6994,0.69979,3.23,2.40
2011.03.31 16:07:06.515,0.6994,0.69979,3.23,2.55
2011.03.31 16:07:12.235,0.69938,0.69977,3.23,2.40
2011.03.31 16:07:14.367,0.69936,0.69974,2.48,2.25
2011.03.31 16:07:14.885,0.69936,0.69973,2.48,2.25
2011.03.31 16:07:15.216,0.69936,0.69971,2.10,2.25
2011.03.31 16:07:15.435,0.69932,0.69971,4.73,2.85
2011.03.31 16:07:17.437,0.69932,0.69965,2.85,2.48
2011.03.31 16:07:18.311,0.69926,0.69963,2.10,2.85
2011.03.31 16:07:18.855,0.69926,0.69965,2.48,2.10
2011.03.31 16:07:18.966,0.69932,0.69969,2.10,2.85
2011.03.31 16:07:19.076,0.69933,0.69969,2.10,2.85
2011.03.31 16:07:20.905,0.69937,0.6997,2.48,2.25
2011.03.31 16:07:21.016,0.69937,0.69975,2.48,2.85
2011.03.31 16:07:22.766,0.69936,0.69975,3.23,3.00
2011.03.31 16:07:23.657,0.69937,0.69979,3.23,3.15
2011.03.31 16:07:23.766,0.69937,0.69979,3.23,3.53
2011.03.31 16:07:23.878,0.69937,0.69976,2.85,1.28
2011.03.31 16:07:24.208,0.69927,0.69966,3.23,2.85
2011.03.31 16:07:24.317,0.69923,0.69962,3.23,2.25
2011.03.31 16:07:25.686,0.69926,0.69965,3.23,3.00
2011.03.31 16:07:26.249,0.69922,0.69962,3.23,2.25
2011.03.31 16:07:27.746,0.69927,0.69965,1.13,2.85
2011.03.31 16:07:28.469,0.69926,0.69965,3.23,3.00
2011.03.31 16:07:29.245,0.69924,0.69965,3.23,3.15
2011.03.31 16:07:30.155,0.69924,0.69965,3.23,3.00
2011.03.31 16:07:32.937,0.6994,0.69966,2.48,2.25
2011.03.31 16:07:33.156,0.69944,0.69985,2.25,3.00
2011.03.31 16:07:33.376,0.69939,0.69983,2.85,3.00
2011.03.31 16:07:33.486,0.69939,0.69983,3.23,3.00
2011.03.31 16:07:34.087,0.69945,0.69984,3.23,2.55
2011.03.31 16:07:36.201,0.69945,0.69984,3.23,2.70
2011.03.31 16:07:36.427,0.69945,0.69984,3.23,2.55
2011.03.31 16:07:36.865,0.69942,0.69981,3.23,2.25
2011.03.31 16:07:37.085,0.69942,0.69981,2.25,3.23
2011.03.31 16:07:37.305,0.6994,0.69981,2.63,1.28
2011.03.31 16:07:37.525,0.69939,0.69978,3.23,2.25
2011.03.31 16:07:39.848,0.69947,0.69982,2.25,1.13
2011.03.31 16:07:40.368,0.6994,0.69979,2.63,3.00
2011.03.31 16:07:41.249,0.6994,0.69979,2.63,3.00
2011.03.31 16:07:41.907,0.69944,0.69983,3.23,2.55
2011.03.31 16:07:42.016,0.69946,0.69985,2.63,3.00
2011.03.31 16:07:42.717,0.69946,0.69985,2.63,3.15
2011.03.31 16:07:43.166,0.69942,0.69982,1.13,2.25
2011.03.31 16:07:43.601,0.69945,0.69986,2.63,3.00
2011.03.31 16:07:43.817,0.69945,0.69984,2.63,3.15
2011.03.31 16:07:44.036,0.69944,0.69983,3.23,2.25
2011.03.31 16:07:44.145,0.69944,0.69983,2.85,2.63
2011.03.31 16:07:44.475,0.69937,0.69974,2.10,2.25
2011.03.31 16:07:46.368,0.69931,0.69971,3.23,1.13
2011.03.31 16:07:47.896,0.69931,0.69972,3.23,2.85
2011.03.31 16:07:48.226,0.69931,0.69972,3.23,2.85
2011.03.31 16:07:48.696,0.69932,0.69973,2.63,2.85
2011.03.31 16:07:49.296,0.69932,0.69973,2.63,3.00
2011.03.31 16:07:50.775,0.69937,0.69978,2.63,4.50
2011.03.31 16:07:50.995,0.69941,0.69978,2.25,2.25
2011.03.31 16:07:51.528,0.69938,0.69977,2.63,2.25
2011.03.31 16:07:52.295,0.69938,0.69977,2.63,2.40
2011.03.31 16:07:52.719,0.69937,0.69976,2.63,2.25
2011.03.31 16:07:52.955,0.69938,0.69977,2.63,2.40
2011.03.31 16:07:53.276,0.69938,0.69977,2.25,2.63
2011.03.31 16:07:53.397,0.69928,0.69968,2.63,2.25
2011.03.31 16:07:54.625,0.69925,0.69966,2.63,2.25
2011.03.31 16:07:56.215,0.69925,0.69966,2.63,2.40
2011.03.31 16:07:56.435,0.69925,0.69966,2.78,2.25
2011.03.31 16:07:56.996,0.69925,0.69965,2.63,2.25
2011.03.31 16:07:57.105,0.69926,0.69965,2.63,2.25
2011.03.31 16:07:58.807,0.69926,0.69965,2.63,2.40
2011.03.31 16:07:59.026,0.69925,0.69965,2.63,2.25
2011.03.31 16:07:59.135,0.69921,0.69963,2.78,2.25
2011.03.31 16:07:59.464,0.69932,0.69971,2.63,2.25
2011.03.31 16:08:00.295,0.69936,0.69981,2.63,2.55
2011.03.31 16:08:00.868,0.69936,0.69981,2.63,2.55
2011.03.31 16:08:01.465,0.69937,0.69981,2.63,2.55
2011.03.31 16:08:01.799,0.69937,0.69981,2.63,2.40
2011.03.31 16:08:02.016,0.69937,0.69981,2.25,2.55
2011.03.31 16:08:02.124,0.69934,0.6998,2.63,2.55
2011.03.31 16:08:02.236,0.69932,0.69976,2.25,2.78
2011.03.31 16:08:02.566,0.69932,0.69976,2.63,2.40
2011.03.31 16:08:03.208,0.69932,0.69976,2.63,2.40
2011.03.31 16:08:03.315,0.69932,0.69976,2.63,2.25
2011.03.31 16:08:03.424,0.69936,0.6998,2.63,2.40
2011.03.31 16:08:03.535,0.69936,0.6998,2.63,2.55
2011.03.31 16:08:03.946,0.69936,0.6998,2.63,2.40
2011.03.31 16:08:04.356,0.69936,0.6998,2.63,2.40
2011.03.31 16:08:04.575,0.69928,0.69968,2.63,2.25
2011.03.31 16:08:07.565,0.69928,0.69969,2.63,2.25
2011.03.31 16:08:07.747,0.69928,0.69969,2.63,2.25
2011.03.31 16:08:07.856,0.69931,0.69972,2.63,2.25
2011.03.31 16:08:16.088,0.69933,0.69972,2.63,2.25
2011.03.31 16:08:16.654,0.69933,0.69972,2.63,2.25
2011.03.31 16:08:23.316,0.69937,0.69979,2.25,2.78
2011.03.31 16:08:23.426,0.69932,0.69971,2.78,2.25
2011.03.31 16:08:25.036,0.69927,0.69968,2.93,2.25
2011.03.31 16:08:25.255,0.69927,0.69968,2.78,2.25
2011.03.31 16:08:25.365,0.69931,0.69972,2.63,2.25
2011.03.31 16:08:27.186,0.69931,0.69972,2.78,2.63
2011.03.31 16:08:27.405,0.69928,0.69967,2.78,2.25
2011.03.31 16:08:27.748,0.69931,0.69972,2.63,2.25
2011.03.31 16:08:29.896,0.69931,0.69972,2.63,2.63
2011.03.31 16:08:30.005,0.69931,0.69972,2.63,2.78
2011.03.31 16:08:31.695,0.69935,0.69975,2.25,2.78
2011.03.31 16:08:32.025,0.69932,0.69971,2.63,2.40
2011.03.31 16:08:33.088,0.69932,0.69971,2.63,2.25
2011.03.31 16:08:34.187,0.69932,0.69971,2.78,2.25
2011.03.31 16:08:34.296,0.69935,0.69976,2.63,2.25
2011.03.31 16:08:34.626,0.69933,0.69974,2.78,2.25
2011.03.31 16:08:36.416,0.69931,0.69972,2.93,2.25
2011.03.31 16:08:37.595,0.6993,0.69971,2.78,2.25
2011.03.31 16:08:38.245,0.69933,0.69972,2.63,2.25
2011.03.31 16:08:38.848,0.69934,0.69975,2.63,2.40
2011.03.31 16:08:46.917,0.69934,0.69973,2.25,2.78
2011.03.31 16:08:47.155,0.69928,0.69969,2.78,2.25
2011.03.31 16:08:47.727,0.69928,0.69969,2.78,2.25
2011.03.31 16:08:48.055,0.69934,0.69973,2.63,2.40
2011.03.31 16:08:48.546,0.69934,0.69973,2.63,2.55
2011.03.31 16:08:48.887,0.69931,0.69972,2.78,2.25
2011.03.31 16:08:49.755,0.69931,0.69972,2.25,2.63
2011.03.31 16:08:49.865,0.69918,0.69959,2.63,2.25
2011.03.31 16:08:50.418,0.69931,0.69972,2.63,2.40
2011.03.31 16:08:50.635,0.69935,0.69976,2.63,2.40
2011.03.31 16:08:51.076,0.69935,0.69976,2.63,2.25
2011.03.31 16:08:51.187,0.69935,0.69976,2.63,2.40
2011.03.31 16:08:51.295,0.69931,0.6997,2.63,2.25
2011.03.31 16:08:51.405,0.69936,0.69975,2.63,2.40
2011.03.31 16:08:51.989,0.69931,0.69972,2.63,2.25
2011.03.31 16:08:53.204,0.69931,0.69972,2.25,2.63
2011.03.31 16:08:53.426,0.69917,0.69958,2.93,2.25
2011.03.31 16:08:53.756,0.6992,0.69965,2.63,2.25
2011.03.31 16:08:53.907,0.69926,0.69967,2.63,2.25
2011.03.31 16:08:55.227,0.69926,0.69967,2.63,2.25
2011.03.31 16:08:55.775,0.69931,0.69972,2.63,2.40
2011.03.31 16:08:55.995,0.69931,0.6997,2.63,2.25
2011.03.31 16:08:57.214,0.69931,0.6997,2.63,2.40
2011.03.31 16:08:57.727,0.69931,0.69972,2.63,2.25
2011.03.31 16:08:57.835,0.69931,0.69972,2.63,2.40
2011.03.31 16:08:58.066,0.69931,0.69972,2.63,2.25
2011.03.31 16:08:58.407,0.69931,0.69972,2.63,2.40
2011.03.31 16:08:58.845,0.69931,0.69972,2.63,2.25
2011.03.31 16:09:00.229,0.69931,0.69972,2.63,2.40
2011.03.31 16:09:01.425,0.69931,0.69972,2.63,2.25
2011.03.31 16:09:01.866,0.69932,0.69971,2.63,2.25
2011.03.31 16:09:01.976,0.69932,0.69971,2.63,2.25
2011.03.31 16:09:03.785,0.69935,0.69974,2.63,2.40
2011.03.31 16:09:03.897,0.69932,0.69971,2.78,2.25
2011.03.31 16:09:04.006,0.69932,0.69973,2.63,2.25
2011.03.31 16:09:04.516,0.69931,0.69972,2.78,2.25
2011.03.31 16:09:04.899,0.69935,0.69975,2.63,2.25
2011.03.31 16:09:05.226,0.69934,0.69973,2.25,2.25
2011.03.31 16:09:05.337,0.69926,0.69972,2.63,2.25
2011.03.31 16:09:06.765,0.69926,0.69972,2.63,2.63
2011.03.31 16:09:07.094,0.69925,0.69964,2.63,2.25
2011.03.31 16:09:07.426,0.69928,0.69968,2.63,2.25
2011.03.31 16:09:07.535,0.69925,0.69964,2.63,2.25
2011.03.31 16:09:12.616,0.69923,0.69962,2.63,2.25
2011.03.31 16:09:13.445,0.69921,0.69963,2.63,2.25
2011.03.31 16:09:14.025,0.69923,0.69964,2.63,2.25
2011.03.31 16:09:15.716,0.69921,0.69963,2.78,2.25
2011.03.31 16:09:17.648,0.69921,0.69963,2.78,2.25
2011.03.31 16:09:17.865,0.69921,0.69963,2.63,2.63
2011.03.31 16:09:18.269,0.69917,0.69958,2.63,2.25
2011.03.31 16:09:20.852,0.69917,0.69958,2.63,2.55
2011.03.31 16:09:20.966,0.69917,0.69958,2.63,2.55
2011.03.31 16:09:21.077,0.69917,0.69958,2.25,2.93
2011.03.31 16:09:21.187,0.69917,0.69958,2.25,3.08
2011.03.31 16:09:21.296,0.69911,0.69953,2.63,2.55
2011.03.31 16:09:21.517,0.69913,0.69952,2.25,2.78
2011.03.31 16:09:21.625,0.69906,0.69945,2.78,2.25
2011.03.31 16:09:21.914,0.69906,0.69945,2.78,2.25
2011.03.31 16:09:22.135,0.69909,0.6995,2.78,2.25
2011.03.31 16:09:22.466,0.69909,0.6995,2.63,2.25
2011.03.31 16:09:24.608,0.69909,0.6995,2.63,2.40
2011.03.31 16:09:24.898,0.69909,0.6995,2.63,2.25
2011.03.31 16:09:25.225,0.69911,0.6995,2.78,2.25
2011.03.31 16:09:25.334,0.69912,0.69953,2.78,2.40
2011.03.31 16:09:25.445,0.69913,0.69954,2.63,2.55
2011.03.31 16:09:25.555,0.69913,0.69954,2.63,2.25
2011.03.31 16:09:27.236,0.69913,0.69954,2.63,2.40
2011.03.31 16:09:28.506,0.69914,0.69955,2.63,2.25
2011.03.31 16:09:28.845,0.69914,0.69953,2.63,2.40
2011.03.31 16:09:29.865,0.69913,0.69952,2.63,2.25
2011.03.31 16:09:30.196,0.69918,0.69957,2.63,2.25
2011.03.31 16:09:30.787,0.6992,0.69965,2.63,2.63
2011.03.31 16:09:30.896,0.69918,0.69957,2.63,2.25
2011.03.31 16:09:32.297,0.69918,0.69957,2.63,2.40
2011.03.31 16:09:34.628,0.69914,0.69956,2.63,2.25
2011.03.31 16:09:34.735,0.69917,0.69956,2.63,2.40
2011.03.31 16:09:34.844,0.69915,0.69954,2.63,2.40
2011.03.31 16:09:35.755,0.69909,0.6995,2.63,2.25
2011.03.31 16:09:35.975,0.69909,0.6995,2.63,2.25
2011.03.31 16:09:36.084,0.69914,0.69956,2.63,2.40
2011.03.31 16:09:37.056,0.69916,0.69957,2.63,2.40
2011.03.31 16:09:37.778,0.69916,0.69957,2.63,2.40
2011.03.31 16:09:38.347,0.69916,0.69957,2.63,2.40
2011.03.31 16:09:38.455,0.69915,0.69954,2.63,2.40
2011.03.31 16:09:39.397,0.69914,0.69956,2.63,2.55
2011.03.31 16:09:39.689,0.69914,0.69956,2.63,2.40
2011.03.31 16:09:42.102,0.69916,0.69957,2.63,2.40
2011.03.31 16:10:09.946,0.6992,0.69959,2.63,2.40
2011.03.31 16:10:10.166,0.69925,0.69964,2.25,2.93
2011.03.31 16:10:10.668,0.69925,0.69964,2.63,2.55
2011.03.31 16:10:10.984,0.69929,0.6997,2.63,2.70
2011.03.31 16:10:11.627,0.69929,0.6997,2.63,2.70
2011.03.31 16:10:12.187,0.69929,0.6997,2.63,2.70
2011.03.31 16:10:14.324,0.69929,0.6997,2.63,2.70
2011.03.31 16:10:23.748,0.69928,0.69969,2.63,3.08
2011.03.31 16:10:25.545,0.69928,0.69967,2.63,2.40
2011.03.31 16:10:29.278,0.69927,0.69966,2.63,2.40
2011.03.31 16:10:30.079,0.69928,0.69968,2.63,2.40
2011.03.31 16:10:41.881,0.69927,0.69968,2.63,2.55
2011.03.31 16:10:42.204,0.69932,0.69971,2.25,2.55
2011.03.31 16:10:42.314,0.69927,0.69968,2.63,2.40
2011.03.31 16:10:42.725,0.69927,0.69968,2.63,2.70
2011.03.31 16:10:43.258,0.69925,0.69965,2.63,2.55
2011.03.31 16:10:43.826,0.69925,0.69965,2.63,2.55
2011.03.31 16:10:57.705,0.69925,0.69965,2.63,2.70
2011.03.31 16:10:58.276,0.69922,0.69962,2.63,2.55
2011.03.31 16:11:02.985,0.69922,0.69962,2.63,2.55
2011.03.31 16:11:03.206,0.69921,0.69962,2.25,3.08
2011.03.31 16:11:03.315,0.69918,0.69957,2.63,2.55
2011.03.31 16:11:03.438,0.69918,0.69957,2.63,2.40
2011.03.31 16:11:03.816,0.69918,0.69957,2.63,2.55
2011.03.31 16:11:06.355,0.69918,0.69957,2.25,2.93
2011.03.31 16:11:06.464,0.69914,0.69955,2.25,2.93
2011.03.31 16:11:07.165,0.69912,0.69951,2.63,2.40
2011.03.31 16:11:07.730,0.69912,0.69951,2.63,2.25
2011.03.31 16:11:10.435,0.69913,0.69954,2.63,2.40
2011.03.31 16:11:10.764,0.69917,0.69956,2.63,2.55
2011.03.31 16:11:22.905,0.69917,0.69956,2.63,2.40
2011.03.31 16:11:23.015,0.69917,0.69956,2.25,2.40
2011.03.31 16:11:23.235,0.69917,0.69956,2.25,2.78
2011.03.31 16:11:23.346,0.6991,0.69956,2.25,2.78
2011.03.31 16:11:23.456,0.69908,0.69949,2.63,2.25
2011.03.31 16:11:23.808,0.69904,0.69943,2.63,2.25
2011.03.31 16:11:24.446,0.69904,0.69943,2.63,2.25
2011.03.31 16:11:24.558,0.69908,0.69949,2.63,2.25
2011.03.31 16:11:27.588,0.69908,0.69949,2.63,2.40
2011.03.31 16:11:27.805,0.69911,0.69952,2.78,2.25
2011.03.31 16:11:27.916,0.69911,0.69952,2.63,2.40
2011.03.31 16:11:30.869,0.69914,0.69955,2.25,2.93
2011.03.31 16:11:30.978,0.69909,0.69949,2.63,2.25
2011.03.31 16:11:34.786,0.69914,0.69955,2.25,2.78
2011.03.31 16:11:35.017,0.69914,0.69955,2.25,2.93
2011.03.31 16:11:35.125,0.69909,0.6995,2.63,2.40
2011.03.31 16:11:39.367,0.69911,0.6995,2.78,2.25
2011.03.31 16:11:39.928,0.69912,0.69951,2.78,2.25
2011.03.31 16:11:41.486,0.69912,0.69951,2.63,2.25
2011.03.31 16:11:41.705,0.69912,0.69953,2.63,2.25
2011.03.31 16:12:00.086,0.69913,0.69952,2.63,2.25
2011.03.31 16:12:07.799,0.69914,0.69953,2.25,2.25
2011.03.31 16:12:11.176,0.69911,0.69953,2.78,2.25
2011.03.31 16:12:18.578,0.69914,0.69951,2.25,2.25
2011.03.31 16:12:25.337,0.69912,0.69951,2.63,2.63
2011.03.31 16:12:25.446,0.69912,0.69949,2.63,2.25
2011.03.31 16:12:25.557,0.69911,0.69957,2.78,2.78
2011.03.31 16:12:25.666,0.69911,0.69957,2.63,2.25
2011.03.31 16:12:26.567,0.69912,0.69958,2.63,2.25
2011.03.31 16:12:26.676,0.69912,0.69956,2.63,2.25
2011.03.31 16:12:27.121,0.69912,0.69956,2.78,2.25
2011.03.31 16:12:29.896,0.69912,0.69956,2.78,2.25
2011.03.31 16:12:37.300,0.69912,0.69958,2.78,2.40
2011.03.31 16:12:41.228,0.69912,0.69956,2.78,2.25
2011.03.31 16:12:44.900,0.69912,0.69956,2.93,2.25
2011.03.31 16:12:47.839,0.69928,0.69965,2.63,2.25
2011.03.31 16:12:48.598,0.69928,0.69965,2.25,2.25
2011.03.31 16:12:51.505,0.69928,0.69967,2.25,2.25
2011.03.31 16:12:51.615,0.69928,0.69965,2.25,2.25
2011.03.31 16:12:57.616,0.69928,0.69965,2.63,2.25
2011.03.31 16:12:57.725,0.69928,0.69974,2.63,2.40
2011.03.31 16:12:57.835,0.69928,0.69965,2.63,2.25
2011.03.31 16:12:58.389,0.69928,0.69965,2.25,2.25
2011.03.31 16:13:04.486,0.69928,0.69965,2.25,2.63
2011.03.31 16:13:04.815,0.69919,0.69954,2.63,2.25
2011.03.31 16:13:05.036,0.69928,0.69965,2.63,2.25
2011.03.31 16:13:05.255,0.69928,0.69974,2.63,2.78
2011.03.31 16:13:05.365,0.69927,0.69966,2.63,2.25
2011.03.31 16:13:06.437,0.69928,0.69974,2.63,2.25
2011.03.31 16:13:07.442,0.69928,0.69974,2.78,2.25
2011.03.31 16:13:08.890,0.69929,0.69975,2.78,2.25
2011.03.31 16:13:09.449,0.69928,0.69974,2.78,2.25
2011.03.31 16:13:09.877,0.6992,0.69953,2.40,2.25
2011.03.31 16:13:10.205,0.69928,0.69965,2.63,2.25
2011.03.31 16:13:11.527,0.69927,0.69966,2.63,2.25
2011.03.31 16:13:12.066,0.69927,0.69966,2.25,2.63
2011.03.31 16:13:12.396,0.69924,0.69959,2.63,2.25
2011.03.31 16:13:14.248,0.69919,0.69954,2.25,2.25
2011.03.31 16:13:14.605,0.69919,0.69954,2.78,2.25
2011.03.31 16:13:14.715,0.69924,0.69959,2.63,2.25
2011.03.31 16:13:15.926,0.69924,0.69959,2.93,2.25
2011.03.31 16:13:21.086,0.69924,0.69959,2.78,2.25
2011.03.31 16:13:21.308,0.6992,0.69953,2.55,2.25
2011.03.31 16:13:21.907,0.69923,0.69968,2.63,2.25
2011.03.31 16:13:22.015,0.69931,0.6997,2.63,2.25
2011.03.31 16:13:22.235,0.69931,0.6997,2.63,2.25
2011.03.31 16:13:22.346,0.69936,0.69972,2.63,2.25
2011.03.31 16:13:28.747,0.69934,0.69968,2.63,2.25
2011.03.31 16:13:29.846,0.69934,0.69968,2.63,2.25
2011.03.31 16:13:32.175,0.69934,0.69968,2.63,2.25
2011.03.31 16:13:32.286,0.69934,0.6997,2.63,2.25
2011.03.31 16:13:32.949,0.69936,0.69969,2.25,2.25
2011.03.31 16:13:47.637,0.69936,0.69969,2.25,2.63
2011.03.31 16:13:47.854,0.69922,0.69956,2.25,2.25
2011.03.31 16:13:48.075,0.69918,0.69951,2.78,2.25
2011.03.31 16:13:54.297,0.69914,0.69947,2.40,2.25
2011.03.31 16:13:55.464,0.6993,0.69966,2.25,2.25
2011.03.31 16:13:56.266,0.6993,0.69966,2.40,2.25
2011.03.31 16:13:56.787,0.6993,0.69966,2.25,2.25
2011.03.31 16:13:58.156,0.6993,0.69966,2.78,2.25
2011.03.31 16:13:58.265,0.69935,0.6997,2.25,2.25
2011.03.31 16:14:07.227,0.69933,0.69968,2.63,2.25
2011.03.31 16:14:07.446,0.69935,0.6997,2.25,2.25
2011.03.31 16:14:14.870,0.69937,0.69973,2.25,2.40
2011.03.31 16:14:15.366,0.69935,0.6997,2.25,2.25
2011.03.31 16:14:17.926,0.69936,0.69969,2.25,2.25
2011.03.31 16:14:19.897,0.69936,0.69969,2.25,2.63
2011.03.31 16:14:20.225,0.69934,0.69967,2.25,2.25
2011.03.31 16:14:20.446,0.69937,0.6997,2.25,2.25
2011.03.31 16:14:22.418,0.69938,0.69972,2.25,2.25
2011.03.31 16:14:22.525,0.69936,0.69972,2.25,2.25
2011.03.31 16:14:23.189,0.69937,0.69973,2.25,2.40
2011.03.31 16:14:25.015,0.69939,0.69974,2.25,2.25
2011.03.31 16:14:25.349,0.69939,0.69972,2.25,2.25
2011.03.31 16:14:28.176,0.6994,0.69976,2.25,2.40
2011.03.31 16:14:31.067,0.6994,0.69976,2.25,2.25
2011.03.31 16:14:31.177,0.6994,0.69976,2.25,2.40
2011.03.31 16:14:41.646,0.6994,0.69976,2.25,2.25
2011.03.31 16:14:41.755,0.69941,0.69974,2.25,2.25
2011.03.31 16:14:50.326,0.69934,0.69973,2.63,2.25
2011.03.31 16:14:51.597,0.69934,0.69973,2.63,2.40
2011.03.31 16:14:54.339,0.69937,0.69976,2.63,2.40
2011.03.31 16:14:56.129,0.69936,0.69973,2.63,2.25
2011.03.31 16:14:56.455,0.69937,0.69974,2.63,2.40
2011.03.31 16:14:56.676,0.69947,0.6998,2.63,2.40
2011.03.31 16:14:56.896,0.69935,0.69974,2.25,2.63
2011.03.31 16:14:57.006,0.69933,0.69972,2.63,2.25
2011.03.31 16:14:57.116,0.69935,0.69979,2.25,2.55
2011.03.31 16:14:57.446,0.69926,0.6997,2.40,2.25
2011.03.31 16:14:57.555,0.69926,0.6997,2.78,2.25
2011.03.31 16:14:57.885,0.69925,0.69971,2.40,2.63
2011.03.31 16:14:57.996,0.69925,0.69971,2.78,2.25
2011.03.31 16:14:58.510,0.69934,0.69971,2.25,2.25
2011.03.31 16:14:58.616,0.69926,0.6997,2.40,2.25
2011.03.31 16:14:58.725,0.69926,0.6997,2.40,2.63
2011.03.31 16:14:59.527,0.69925,0.69964,2.25,2.63
2011.03.31 16:14:59.857,0.69925,0.69964,2.40,2.63
2011.03.31 16:15:00.186,0.69934,0.69968,2.25,2.63
2011.03.31 16:15:00.295,0.69923,0.69962,2.63,2.25
2011.03.31 16:15:00.406,0.69923,0.69962,2.78,2.25
2011.03.31 16:15:00.516,0.69923,0.69962,2.25,2.63
2011.03.31 16:15:00.626,0.69932,0.69971,2.25,2.63
2011.03.31 16:15:03.877,0.69932,0.69971,2.25,2.78
2011.03.31 16:15:07.537,0.69932,0.69971,2.25,2.63
2011.03.31 16:15:08.096,0.69933,0.69972,2.63,2.25
2011.03.31 16:15:08.207,0.69933,0.69972,2.25,2.78
2011.03.31 16:15:08.535,0.69931,0.69964,2.25,2.25
2011.03.31 16:15:08.865,0.69925,0.69962,2.40,2.25
2011.03.31 16:15:10.294,0.69925,0.69962,2.25,2.25
2011.03.31 16:15:10.949,0.69923,0.69962,2.63,2.25
2011.03.31 16:15:12.851,0.69923,0.69962,2.63,2.25
2011.03.31 16:15:13.108,0.69921,0.6996,2.78,2.25
2011.03.31 16:15:14.297,0.69924,0.69961,2.25,2.25
2011.03.31 16:15:14.878,0.69923,0.69962,3.23,2.25
2011.03.31 16:15:15.430,0.69922,0.69961,3.23,2.25
2011.03.31 16:15:16.145,0.69922,0.69961,3.23,2.25
2011.03.31 16:15:16.446,0.69925,0.69962,2.40,2.25
2011.03.31 16:15:16.666,0.69925,0.69962,2.25,2.25
2011.03.31 16:15:16.996,0.69926,0.69963,2.25,3.23
2011.03.31 16:15:17.106,0.69917,0.69963,3.00,3.23
2011.03.31 16:15:17.216,0.6992,0.69963,1.13,2.85
2011.03.31 16:15:17.799,0.69918,0.69962,3.00,2.85
2011.03.31 16:15:18.128,0.6992,0.69963,1.13,2.85
2011.03.31 16:15:18.456,0.69926,0.69963,2.25,3.23
2011.03.31 16:15:18.566,0.69917,0.69963,3.15,3.23
2011.03.31 16:15:18.786,0.69925,0.69964,2.25,3.23
2011.03.31 16:15:18.897,0.69927,0.69964,3.23,2.25
2011.03.31 16:15:19.006,0.69927,0.69964,3.23,2.25
2011.03.31 16:15:19.116,0.69932,0.69967,2.25,2.25
2011.03.31 16:15:19.708,0.69933,0.69966,2.25,2.25
2011.03.31 16:15:20.507,0.69928,0.69962,2.63,2.25
2011.03.31 16:15:21.058,0.69927,0.69964,2.25,2.85
2011.03.31 16:15:23.236,0.69925,0.69962,2.63,2.85
2011.03.31 16:15:23.843,0.69926,0.69963,2.40,2.85
2011.03.31 16:15:23.957,0.69928,0.69965,2.25,3.23
2011.03.31 16:15:24.470,0.69925,0.69962,2.78,2.85
2011.03.31 16:15:34.257,0.69925,0.69962,2.25,2.85
2011.03.31 16:15:34.366,0.69922,0.69959,3.23,2.25
2011.03.31 16:15:34.697,0.69927,0.69962,2.85,2.25
2011.03.31 16:15:35.027,0.6993,0.69967,2.63,2.85
2011.03.31 16:15:35.568,0.6993,0.69967,2.63,3.00
2011.03.31 16:15:36.081,0.6993,0.69967,2.63,2.85
2011.03.31 16:15:39.119,0.6993,0.69967,2.63,2.85
2011.03.31 16:15:39.961,0.69929,0.69968,2.63,3.00
2011.03.31 16:15:40.178,0.69929,0.69968,2.25,3.23
2011.03.31 16:15:40.672,0.69927,0.6996,2.25,2.25
2011.03.31 16:15:40.887,0.6993,0.69967,2.25,2.85
2011.03.31 16:15:43.968,0.6993,0.69967,3.23,2.25
2011.03.31 16:15:44.187,0.69935,0.69972,3.23,2.85
2011.03.31 16:15:44.516,0.69932,0.69965,2.40,2.25
2011.03.31 16:15:48.807,0.69932,0.69965,4.35,2.25
2011.03.31 16:15:49.028,0.69932,0.69965,2.85,2.25
2011.03.31 16:15:49.589,0.69929,0.69964,2.85,3.00
2011.03.31 16:15:51.766,0.69929,0.69964,3.00,2.85
2011.03.31 16:15:51.896,0.69929,0.69964,2.85,2.85
2011.03.31 16:15:53.107,0.69929,0.69962,3.23,2.25
2011.03.31 16:15:53.547,0.69927,0.69963,4.73,2.25
2011.03.31 16:15:53.657,0.6993,0.69965,3.23,2.25
2011.03.31 16:15:53.766,0.69934,0.69971,3.23,2.85
2011.03.31 16:15:57.418,0.69935,0.69972,2.25,2.85
2011.03.31 16:15:57.688,0.69935,0.69972,2.40,2.85
2011.03.31 16:15:58.970,0.69935,0.69972,3.00,2.85
2011.03.31 16:15:59.956,0.69942,0.69979,3.23,2.85
2011.03.31 16:16:05.426,0.69942,0.69981,2.63,2.25
2011.03.31 16:16:05.756,0.69942,0.69979,2.63,2.25
2011.03.31 16:16:08.436,0.6994,0.69979,2.78,2.25
2011.03.31 16:16:09.917,0.6994,0.69979,2.78,2.25
2011.03.31 16:16:12.778,0.6994,0.69979,2.63,2.25
2011.03.31 16:16:14.041,0.69939,0.69976,3.23,2.25
2011.03.31 16:16:14.152,0.69937,0.69976,3.23,2.25
2011.03.31 16:16:14.368,0.69939,0.69978,3.23,2.40
2011.03.31 16:16:15.014,0.69939,0.69978,3.23,2.40
2011.03.31 16:16:15.359,0.69943,0.6998,2.25,2.40
2011.03.31 16:16:15.797,0.6994,0.69979,2.63,2.25
2011.03.31 16:16:16.326,0.69941,0.6998,2.63,2.25
2011.03.31 16:16:16.897,0.69939,0.69977,1.13,2.25
2011.03.31 16:16:17.007,0.6994,0.69979,2.63,2.40
2011.03.31 16:16:19.929,0.69939,0.69976,3.38,2.25
2011.03.31 16:16:20.786,0.69941,0.69978,2.63,2.40
2011.03.31 16:16:21.616,0.69942,0.69979,2.63,2.25
2011.03.31 16:16:22.240,0.6994,0.69979,2.25,2.63
2011.03.31 16:16:22.346,0.69938,0.69971,2.85,2.25
2011.03.31 16:16:22.787,0.69936,0.69971,3.23,2.25
2011.03.31 16:16:22.899,0.6994,0.69977,2.63,2.25
2011.03.31 16:16:24.278,0.69936,0.69975,3.23,2.40
2011.03.31 16:16:29.419,0.69936,0.69975,2.63,2.40
2011.03.31 16:16:29.527,0.69941,0.69975,2.48,2.25
2011.03.31 16:16:29.636,0.69948,0.69981,3.23,2.25
2011.03.31 16:16:29.746,0.69948,0.69981,2.85,2.63
2011.03.31 16:16:30.076,0.69942,0.69977,3.23,2.25
2011.03.31 16:16:31.149,0.69941,0.69977,3.23,2.40
2011.03.31 16:16:31.476,0.69939,0.69972,2.85,2.25
2011.03.31 16:16:32.081,0.69934,0.6997,3.23,2.25
2011.03.31 16:16:32.189,0.69934,0.6997,3.23,2.85
2011.03.31 16:16:33.047,0.69937,0.69972,2.85,2.25
2011.03.31 16:16:38.558,0.69936,0.6997,2.85,2.25
2011.03.31 16:16:39.350,0.69938,0.69971,2.85,2.25
2011.03.31 16:16:43.302,0.69936,0.69971,2.25,2.25
2011.03.31 16:16:43.970,0.69937,0.69972,2.25,2.85
2011.03.31 16:16:44.518,0.69936,0.69969,2.25,2.25
2011.03.31 16:16:44.737,0.69935,0.69971,3.23,2.25
2011.03.31 16:16:44.847,0.69938,0.69971,2.25,2.25
2011.03.31 16:16:45.367,0.69939,0.69972,2.25,2.85
2011.03.31 16:16:50.476,0.69938,0.69971,2.25,2.25
2011.03.31 16:16:51.067,0.69935,0.69971,3.38,2.25
2011.03.31 16:16:51.668,0.69938,0.69973,2.25,2.85
2011.03.31 16:16:52.467,0.69938,0.69973,2.85,2.25
2011.03.31 16:16:52.857,0.6994,0.69975,2.85,2.25
2011.03.31 16:16:53.077,0.69944,0.69977,2.25,2.85
2011.03.31 16:16:57.007,0.69944,0.69977,3.23,2.25
2011.03.31 16:16:57.117,0.69948,0.69983,2.85,2.40
2011.03.31 16:16:57.668,0.69947,0.69982,2.85,2.25
2011.03.31 16:16:57.777,0.69945,0.6998,2.25,2.85
2011.03.31 16:16:58.238,0.69944,0.69979,2.25,4.35
2011.03.31 16:16:59.031,0.69944,0.69979,2.25,2.85
2011.03.31 16:17:04.217,0.69947,0.6998,2.25,2.25
2011.03.31 16:17:04.547,0.69946,0.69979,2.25,2.85
2011.03.31 16:17:06.658,0.69946,0.69979,2.40,2.85
2011.03.31 16:17:07.124,0.69945,0.69978,2.25,2.85
2011.03.31 16:17:08.748,0.69945,0.6998,2.85,2.25
2011.03.31 16:17:08.858,0.69945,0.6998,2.25,2.85
2011.03.31 16:17:09.420,0.69947,0.6998,2.25,2.85
2011.03.31 16:17:10.278,0.69949,0.69982,2.25,3.23
2011.03.31 16:17:11.126,0.69948,0.69983,2.25,4.73
2011.03.31 16:17:12.098,0.69947,0.6998,2.40,3.23
2011.03.31 16:17:12.887,0.69946,0.69979,2.25,2.85
2011.03.31 16:17:13.548,0.69946,0.69976,2.25,2.10
2011.03.31 16:17:13.876,0.69943,0.69971,2.25,2.48
2011.03.31 16:17:13.988,0.69939,0.69972,2.25,2.85
2011.03.31 16:17:14.096,0.69944,0.69976,2.25,2.48
2011.03.31 16:17:14.665,0.69947,0.6998,2.25,3.23
2011.03.31 16:17:15.241,0.69946,0.69979,2.25,2.85
2011.03.31 16:17:15.990,0.69946,0.69979,2.40,2.85
2011.03.31 16:17:16.767,0.69945,0.69976,2.25,2.10
2011.03.31 16:17:16.879,0.69945,0.6998,2.40,3.23
2011.03.31 16:17:16.988,0.69939,0.69972,3.00,2.25
2011.03.31 16:17:17.096,0.69943,0.69979,2.25,3.23
2011.03.31 16:17:17.206,0.69947,0.6998,2.25,2.85
2011.03.31 16:17:21.612,0.69946,0.69979,2.25,2.85
2011.03.31 16:17:40.596,0.69945,0.69978,2.25,2.85
2011.03.31 16:17:49.116,0.6995,0.69984,2.25,3.38
2011.03.31 16:17:49.228,0.69945,0.6998,2.85,2.25
2011.03.31 16:17:49.337,0.69948,0.69983,2.25,2.85
2011.03.31 16:17:49.668,0.69955,0.69988,2.85,2.25
2011.03.31 16:17:50.249,0.69957,0.69991,2.85,2.85
2011.03.31 16:17:51.269,0.69954,0.69988,2.85,2.25
2011.03.31 16:17:51.951,0.69954,0.69988,2.25,2.85
2011.03.31 16:17:52.707,0.69953,0.69986,2.85,2.85
2011.03.31 16:17:53.497,0.69957,0.6999,2.25,3.00
2011.03.31 16:17:53.607,0.69957,0.6999,2.85,2.40
2011.03.31 16:17:53.938,0.69956,0.69992,2.85,2.85
2011.03.31 16:17:54.251,0.69956,0.69992,2.85,3.00
2011.03.31 16:17:55.096,0.69956,0.69992,2.85,3.00
2011.03.31 16:17:55.918,0.69956,0.69992,2.25,4.50
2011.03.31 16:17:56.516,0.69953,0.69989,2.85,3.38
2011.03.31 16:18:03.547,0.69954,0.69989,2.25,3.38
2011.03.31 16:18:17.467,0.69953,0.69986,2.85,2.85
2011.03.31 16:18:18.129,0.69954,0.69989,2.25,2.85
2011.03.31 16:18:19.658,0.69953,0.69986,2.85,2.85
2011.03.31 16:18:19.789,0.69955,0.69988,2.25,2.85
2011.03.31 16:18:35.188,0.69955,0.69988,2.40,2.85
2011.03.31 16:18:35.497,0.69955,0.69988,2.25,2.85
2011.03.31 16:18:36.317,0.69952,0.69985,3.00,2.85
2011.03.31 16:18:36.756,0.69954,0.69987,2.25,2.10
2011.03.31 16:18:37.048,0.69954,0.69988,2.85,2.85
2011.03.31 16:18:37.157,0.69954,0.69987,2.25,2.10
2011.03.31 16:18:37.657,0.69954,0.69987,2.40,2.10
2011.03.31 16:18:39.679,0.69954,0.69988,2.40,2.25
2011.03.31 16:18:39.787,0.69956,0.69995,2.25,3.23
2011.03.31 16:18:40.119,0.69958,0.69997,2.25,3.23
2011.03.31 16:18:40.670,0.69959,0.69996,2.25,3.23
2011.03.31 16:18:42.613,0.69959,0.69996,2.25,3.23
2011.03.31 16:18:45.957,0.69957,0.69996,2.40,3.23
2011.03.31 16:18:47.498,0.69959,0.70003,2.40,3.23
2011.03.31 16:18:47.840,0.69958,0.69995,2.25,2.63
2011.03.31 16:18:47.947,0.69958,0.69995,2.25,2.63
2011.03.31 16:18:48.056,0.69956,0.69989,2.40,2.25
2011.03.31 16:18:49.198,0.69956,0.69989,2.40,2.25
2011.03.31 16:18:51.776,0.69956,0.69989,2.40,2.85
2011.03.31 16:18:53.150,0.69956,0.69989,2.25,2.85
2011.03.31 16:18:55.426,0.69959,0.69991,2.25,2.48
2011.03.31 16:18:59.896,0.69958,0.69991,2.25,2.48
2011.03.31 16:19:01.568,0.69958,0.69987,2.25,2.48
2011.03.31 16:19:01.677,0.69954,0.69987,2.25,2.10
2011.03.31 16:19:01.786,0.69958,0.69991,2.25,2.48
2011.03.31 16:19:07.650,0.69958,0.69991,2.63,2.10
2011.03.31 16:19:07.757,0.69958,0.69994,3.23,2.85
2011.03.31 16:19:07.868,0.69966,0.69999,2.25,2.63
2011.03.31 16:19:08.196,0.69966,0.7,2.85,2.85
2011.03.31 16:19:09.332,0.69969,0.70003,2.25,1.13
2011.03.31 16:19:10.639,0.69968,0.70003,2.25,1.13
2011.03.31 16:19:12.949,0.69966,0.7,2.85,3.00
2011.03.31 16:19:14.066,0.69966,0.69998,2.25,2.10
2011.03.31 16:19:16.346,0.69964,0.69998,2.25,2.48
2011.03.31 16:19:20.099,0.69966,0.69998,2.25,2.48
2011.03.31 16:19:22.076,0.69966,0.69995,2.25,2.48
2011.03.31 16:19:22.186,0.69964,0.69995,2.25,2.48
2011.03.31 16:19:23.056,0.69959,0.69992,2.85,2.85
2011.03.31 16:19:26.666,0.69959,0.69992,2.25,2.85
2011.03.31 16:19:28.041,0.69958,0.69994,2.25,4.88
2011.03.31 16:19:31.368,0.69961,0.69994,2.25,4.88
2011.03.31 16:19:31.937,0.69962,0.69994,2.25,2.48
2011.03.31 16:19:33.367,0.69958,0.69993,2.25,1.13
2011.03.31 16:19:33.478,0.69962,0.69993,2.25,1.13
2011.03.31 16:19:35.062,0.69961,0.69994,2.25,2.48
2011.03.31 16:19:35.387,0.69963,0.69994,2.25,2.48
2011.03.31 16:19:36.973,0.69962,0.69994,2.25,2.48
2011.03.31 16:19:37.629,0.69963,0.69994,2.25,2.48
2011.03.31 16:19:38.199,0.69963,0.69996,2.25,3.23
2011.03.31 16:19:38.818,0.69964,0.69998,2.25,2.48
2011.03.31 16:19:39.330,0.69963,0.69996,2.25,3.23
2011.03.31 16:19:39.904,0.69962,0.69995,2.25,3.23
2011.03.31 16:19:40.459,0.69959,0.69994,2.25,3.23
2011.03.31 16:19:40.560,0.69961,0.69994,2.25,1.13
2011.03.31 16:19:41.370,0.6996,0.69993,2.25,3.23
2011.03.31 16:19:42.548,0.6996,0.69993,2.25,3.23
2011.03.31 16:19:42.768,0.69958,0.69991,2.25,3.23
2011.03.31 16:19:43.317,0.69956,0.69991,2.25,3.23
2011.03.31 16:19:43.428,0.69961,0.69994,2.25,2.48
2011.03.31 16:19:44.888,0.69961,0.69997,2.25,3.23
2011.03.31 16:19:46.648,0.69956,0.69988,2.25,2.10
2011.03.31 16:19:46.759,0.6996,0.69992,2.25,2.10
2011.03.31 16:19:47.526,0.6996,0.69989,2.25,2.10
2011.03.31 16:19:48.627,0.69961,0.69992,2.25,2.10
2011.03.31 16:19:49.174,0.69963,0.69992,2.25,2.10
2011.03.31 16:19:49.752,0.69966,0.69992,2.25,2.10
2011.03.31 16:19:50.487,0.69967,0.69992,2.25,2.10
2011.03.31 16:19:50.886,0.69965,0.69992,2.25,2.10
2011.03.31 16:19:50.996,0.69967,0.69992,2.25,2.10
2011.03.31 16:19:53.166,0.69964,0.69992,2.25,2.10
2011.03.31 16:19:53.387,0.69967,0.69995,2.25,2.10
2011.03.31 16:19:53.778,0.69964,0.69995,2.25,2.10
2011.03.31 16:19:53.997,0.69967,0.69994,2.25,2.10
2011.03.31 16:20:01.096,0.69969,0.69994,2.25,2.10
2011.03.31 16:20:02.328,0.6997,0.70002,2.25,2.10
2011.03.31 16:20:02.677,0.69972,0.70009,2.25,4.88
2011.03.31 16:20:03.067,0.69973,0.70009,2.25,1.13
2011.03.31 16:20:03.287,0.69973,0.70008,2.25,1.13
2011.03.31 16:20:03.508,0.69967,0.70006,2.40,2.85
2011.03.31 16:20:03.618,0.69972,0.70008,2.25,2.10
2011.03.31 16:20:03.727,0.69975,0.70012,2.25,3.38
2011.03.31 16:20:04.398,0.69976,0.70012,2.25,1.13
2011.03.31 16:20:07.776,0.69976,0.70008,2.25,1.13
2011.03.31 16:20:07.886,0.69973,0.70008,2.25,3.38
2011.03.31 16:20:09.240,0.69973,0.70007,2.25,1.13
2011.03.31 16:20:09.669,0.69973,0.70008,2.25,3.38
2011.03.31 16:20:10.417,0.69972,0.70006,2.25,3.23
2011.03.31 16:20:11.017,0.69976,0.70005,2.25,1.13
2011.03.31 16:20:11.238,0.69972,0.70004,2.25,1.13
2011.03.31 16:20:11.757,0.69968,0.70004,2.25,3.38
2011.03.31 16:20:16.340,0.69967,0.70002,2.25,2.85
2011.03.31 16:20:17.050,0.69968,0.70004,2.25,3.38
2011.03.31 16:20:18.648,0.6997,0.70003,2.25,3.23
2011.03.31 16:20:19.466,0.69967,0.70001,2.25,2.25
2011.03.31 16:20:20.548,0.69966,0.7,2.40,2.25
2011.03.31 16:20:21.056,0.69966,0.70002,2.25,2.85
2011.03.31 16:20:25.026,0.69966,0.70002,2.40,2.85
2011.03.31 16:20:25.589,0.69966,0.70002,2.25,2.85
2011.03.31 16:20:26.102,0.69966,0.70002,2.25,3.00
2011.03.31 16:20:30.569,0.69966,0.70002,2.85,2.40
2011.03.31 16:20:31.430,0.69967,0.70002,2.85,2.25
2011.03.31 16:20:33.047,0.69971,0.70004,2.85,2.25
2011.03.31 16:20:33.266,0.69978,0.70011,2.25,3.00
2011.03.31 16:20:33.933,0.69977,0.70012,2.25,3.00
2011.03.31 16:20:34.149,0.69977,0.70012,2.25,3.23
2011.03.31 16:20:34.480,0.6998,0.70013,2.25,1.13
2011.03.31 16:20:34.589,0.69976,0.7001,2.25,2.25
2011.03.31 16:20:35.921,0.69976,0.7001,2.25,2.40
2011.03.31 16:20:46.535,0.69975,0.7001,2.85,2.40
2011.03.31 16:20:47.518,0.69975,0.7001,2.85,2.40
2011.03.31 16:20:48.347,0.69975,0.70011,2.85,3.38
2011.03.31 16:20:48.822,0.69977,0.70011,2.25,3.38
2011.03.31 16:20:49.948,0.69977,0.70011,2.25,1.28
2011.03.31 16:20:50.497,0.69977,0.70012,2.85,2.78
2011.03.31 16:20:53.936,0.69977,0.70012,2.25,2.85
2011.03.31 16:20:56.287,0.69979,0.70012,2.25,2.85
2011.03.31 16:21:02.451,0.69979,0.70012,2.25,3.23
2011.03.31 16:21:02.779,0.69979,0.7001,2.25,2.48
2011.03.31 16:21:02.887,0.69976,0.7001,2.25,4.73
2011.03.31 16:21:10.588,0.69978,0.7001,2.25,2.63
2011.03.31 16:21:11.320,0.69978,0.70011,2.25,3.38
2011.03.31 16:21:11.539,0.6998,0.70014,2.25,3.38
2011.03.31 16:21:12.309,0.69979,0.70012,2.25,2.85
2011.03.31 16:21:18.126,0.69977,0.70012,2.25,2.85
2011.03.31 16:21:21.229,0.69977,0.70012,2.25,3.00
2011.03.31 16:21:22.880,0.69977,0.70011,2.25,2.85
2011.03.31 16:21:23.098,0.69977,0.70011,2.25,3.00
2011.03.31 16:21:23.817,0.69976,0.70012,2.85,3.00
2011.03.31 16:21:26.299,0.69976,0.70012,2.85,2.85
2011.03.31 16:21:27.609,0.69976,0.70012,2.85,3.00
2011.03.31 16:21:39.775,0.69976,0.70009,2.85,2.40
2011.03.31 16:21:41.498,0.69975,0.70008,2.25,2.85
2011.03.31 16:21:42.687,0.69974,0.70007,2.25,2.85
2011.03.31 16:21:45.467,0.69974,0.70007,2.25,2.25
2011.03.31 16:21:49.291,0.69974,0.70007,2.25,2.40
2011.03.31 16:21:56.637,0.69974,0.70007,2.25,2.25
2011.03.31 16:21:57.200,0.69975,0.70011,2.25,3.00
2011.03.31 16:22:05.917,0.69978,0.70011,2.25,3.00
2011.03.31 16:22:06.438,0.69979,0.70012,2.25,3.00
2011.03.31 16:22:09.247,0.69977,0.70012,2.25,3.00
2011.03.31 16:22:36.127,0.69976,0.70012,2.25,3.00
2011.03.31 16:22:36.239,0.69976,0.7001,2.25,3.00
2011.03.31 16:22:36.348,0.69973,0.70007,2.85,2.85
2011.03.31 16:22:36.888,0.69972,0.70007,2.85,3.00
2011.03.31 16:22:39.308,0.6997,0.70005,2.25,2.85
2011.03.31 16:22:39.417,0.69972,0.70005,2.25,2.85
2011.03.31 16:22:48.037,0.69971,0.70004,2.25,2.85
2011.03.31 16:22:48.367,0.69972,0.70005,2.85,2.85
2011.03.31 16:22:53.557,0.69975,0.70008,2.25,3.23
2011.03.31 16:22:55.018,0.69974,0.70007,2.25,2.85
2011.03.31 16:22:55.560,0.69972,0.70008,2.85,3.23
2011.03.31 16:22:58.337,0.69973,0.70006,2.85,3.00
2011.03.31 16:23:00.559,0.69973,0.70005,2.25,2.25
2011.03.31 16:23:01.338,0.69972,0.70005,2.25,4.50
2011.03.31 16:23:05.565,0.69972,0.70008,2.85,3.23
2011.03.31 16:23:06.117,0.69975,0.70008,2.25,3.00
2011.03.31 16:23:06.658,0.69976,0.7001,2.25,2.85
2011.03.31 16:23:07.220,0.69977,0.70011,2.25,2.85
2011.03.31 16:23:09.067,0.69975,0.70008,2.25,2.85
2011.03.31 16:23:15.690,0.69976,0.7001,2.25,3.23
2011.03.31 16:23:15.908,0.69976,0.70009,3.00,2.85
2011.03.31 16:23:16.468,0.69978,0.70011,2.25,2.85
2011.03.31 16:23:18.580,0.6998,0.70012,2.25,2.48
2011.03.31 16:23:21.557,0.69977,0.70012,2.25,4.73
2011.03.31 16:23:34.949,0.69977,0.70012,1.13,2.25
2011.03.31 16:23:35.535,0.69982,0.70017,2.85,3.23
2011.03.31 16:23:35.831,0.69978,0.70011,2.85,2.25
2011.03.31 16:23:42.658,0.69978,0.70011,2.85,2.85
2011.03.31 16:23:43.217,0.69979,0.70012,2.25,3.23
2011.03.31 16:23:48.087,0.69979,0.70012,2.85,2.25
2011.03.31 16:23:48.637,0.69981,0.70016,2.85,2.85
2011.03.31 16:24:01.270,0.69978,0.70013,2.85,3.23
2011.03.31 16:24:01.487,0.69975,0.70008,3.00,2.25
2011.03.31 16:24:04.178,0.69979,0.70012,2.25,3.23
2011.03.31 16:24:04.507,0.69979,0.70012,2.85,2.25
2011.03.31 16:24:09.329,0.69979,0.70012,2.25,2.85
2011.03.31 16:24:12.688,0.69975,0.7001,2.25,2.85
2011.03.31 16:24:17.559,0.69975,0.7001,2.85,2.85
2011.03.31 16:24:17.668,0.69977,0.70012,2.40,3.23
2011.03.31 16:24:18.407,0.69976,0.70009,2.25,2.85
2011.03.31 16:24:27.608,0.69974,0.70009,2.85,2.85
2011.03.31 16:24:27.937,0.69977,0.70012,2.25,2.85
2011.03.31 16:24:31.173,0.69977,0.70012,2.40,2.85
2011.03.31 16:24:31.278,0.69977,0.70012,2.25,2.85
2011.03.31 16:24:33.001,0.69977,0.70012,2.40,2.85
2011.03.31 16:24:33.231,0.69977,0.70012,2.40,2.85
2011.03.31 16:24:33.338,0.69982,0.70016,2.25,2.10
2011.03.31 16:24:35.660,0.69978,0.70011,2.25,2.85
2011.03.31 16:24:37.168,0.69978,0.7001,2.25,2.10
2011.03.31 16:24:39.440,0.69978,0.70011,2.85,2.85
2011.03.31 16:24:39.927,0.69978,0.70011,2.25,2.85
2011.03.31 16:24:43.168,0.69979,0.70012,2.25,2.85
2011.03.31 16:24:43.279,0.69977,0.70012,2.25,2.85
2011.03.31 16:24:48.335,0.69976,0.70009,2.40,2.85
2011.03.31 16:24:48.557,0.69976,0.70009,2.25,2.85
2011.03.31 16:24:49.141,0.69975,0.7001,2.40,4.35
2011.03.31 16:24:52.628,0.69975,0.7001,2.25,4.35
2011.03.31 16:24:53.509,0.69975,0.7001,2.40,4.35
2011.03.31 16:24:55.419,0.69975,0.7001,2.25,4.35
2011.03.31 16:24:55.527,0.69975,0.7001,2.25,2.85
2011.03.31 16:24:55.747,0.69972,0.70007,2.25,2.85
2011.03.31 16:24:56.432,0.69973,0.70006,2.25,2.85
2011.03.31 16:25:08.124,0.69973,0.70006,2.40,2.85
2011.03.31 16:25:08.572,0.69973,0.70005,2.40,2.10
2011.03.31 16:25:08.700,0.69973,0.70006,3.00,2.25
2011.03.31 16:25:13.849,0.69982,0.70014,2.25,2.10
2011.03.31 16:25:14.067,0.69982,0.70015,2.85,2.85
2011.03.31 16:25:16.587,0.69981,0.70014,3.00,2.25
2011.03.31 16:25:16.697,0.69978,0.70011,3.00,2.25
2011.03.31 16:25:16.917,0.69977,0.7001,3.00,2.25
2011.03.31 16:25:18.290,0.69975,0.7001,3.15,2.63
2011.03.31 16:25:18.619,0.69975,0.7001,3.00,2.63
2011.03.31 16:25:18.728,0.69975,0.7001,2.40,3.23
2011.03.31 16:25:19.289,0.69975,0.7001,2.25,3.23
2011.03.31 16:25:19.813,0.69975,0.7001,2.40,3.23
2011.03.31 16:25:20.027,0.69975,0.7001,2.25,3.23
2011.03.31 16:25:21.348,0.69974,0.70007,2.25,3.23
2011.03.31 16:25:21.457,0.6997,0.70005,2.85,2.25
2011.03.31 16:25:22.008,0.69971,0.70004,3.00,2.25
2011.03.31 16:25:22.748,0.6997,0.70004,3.15,2.25
2011.03.31 16:25:22.857,0.6997,0.70004,3.00,2.25
2011.03.31 16:25:24.450,0.69971,0.70004,3.15,2.25
2011.03.31 16:25:25.001,0.69969,0.70005,3.15,2.25
2011.03.31 16:25:26.048,0.69971,0.70004,2.55,2.85
2011.03.31 16:25:26.268,0.69973,0.70007,3.00,2.25
2011.03.31 16:25:26.379,0.69973,0.70007,2.85,2.25
2011.03.31 16:25:26.908,0.69974,0.70007,2.25,2.25
2011.03.31 16:25:27.018,0.69974,0.70007,2.40,2.25
2011.03.31 16:25:27.238,0.69974,0.70007,2.25,2.25
2011.03.31 16:25:28.188,0.69971,0.70006,3.53,2.25
2011.03.31 16:25:28.980,0.69974,0.70007,2.40,2.25
2011.03.31 16:25:29.444,0.69976,0.70009,2.40,2.85
2011.03.31 16:25:29.877,0.69974,0.70007,2.40,2.25
2011.03.31 16:25:31.529,0.69976,0.70009,2.40,2.85
2011.03.31 16:25:32.041,0.69976,0.70009,2.25,2.85
2011.03.31 16:25:34.122,0.69982,0.70014,2.25,1.13
2011.03.31 16:25:34.337,0.69975,0.7001,2.25,3.23
2011.03.31 16:25:35.227,0.69975,0.7001,2.40,3.23
2011.03.31 16:25:36.027,0.69975,0.7001,3.00,2.25
2011.03.31 16:25:36.357,0.69977,0.70012,2.85,2.25
2011.03.31 16:25:36.577,0.69976,0.7001,3.00,2.25
2011.03.31 16:25:38.067,0.69974,0.70007,4.50,2.25
2011.03.31 16:25:38.178,0.69974,0.70007,2.85,2.25
2011.03.31 16:25:40.176,0.69976,0.70007,1.13,2.25
2011.03.31 16:25:40.289,0.69981,0.70019,3.23,2.25
2011.03.31 16:25:40.860,0.69981,0.70016,2.85,2.85
2011.03.31 16:25:48.588,0.69981,0.70014,3.00,2.25
2011.03.31 16:25:49.160,0.6998,0.70015,2.85,2.25
2011.03.31 16:25:55.317,0.69978,0.70014,4.73,2.25
2011.03.31 16:25:57.787,0.69979,0.70013,3.23,2.25
2011.03.31 16:25:59.696,0.69979,0.70015,3.23,2.25
2011.03.31 16:26:11.138,0.69984,0.70017,2.85,2.25
2011.03.31 16:26:15.395,0.69983,0.70016,2.85,2.25
2011.03.31 16:26:24.163,0.69983,0.70016,3.00,2.25
2011.03.31 16:26:24.987,0.69983,0.70016,2.85,2.25
2011.03.31 16:26:30.618,0.69983,0.70016,2.25,3.23
2011.03.31 16:26:30.728,0.69977,0.7001,3.23,2.25
2011.03.31 16:26:30.947,0.69986,0.70019,2.25,2.85
2011.03.31 16:26:31.057,0.69986,0.70019,2.25,2.25
2011.03.31 16:26:31.387,0.69985,0.70021,2.25,2.85
2011.03.31 16:26:31.497,0.69987,0.7002,2.25,2.25
2011.03.31 16:26:31.848,0.69985,0.70021,2.25,2.85
2011.03.31 16:26:31.958,0.69987,0.7002,2.25,2.25
2011.03.31 16:26:32.660,0.69986,0.7002,2.25,2.25
2011.03.31 16:26:33.499,0.69986,0.70021,2.25,2.85
2011.03.31 16:26:34.020,0.69986,0.7002,2.40,2.25
2011.03.31 16:26:35.697,0.69985,0.70018,2.40,2.85
2011.03.31 16:26:38.726,0.69985,0.70021,3.38,2.25
2011.03.31 16:26:39.430,0.69986,0.7002,3.00,2.25
2011.03.31 16:26:42.378,0.69987,0.7002,2.55,2.85
2011.03.31 16:26:42.488,0.69987,0.7002,3.15,2.25
2011.03.31 16:26:42.706,0.69987,0.70022,3.15,2.85
2011.03.31 16:26:46.689,0.69987,0.70022,2.85,2.85
2011.03.31 16:26:47.158,0.6999,0.70027,2.25,2.85
2011.03.31 16:26:51.011,0.69989,0.70026,2.85,2.85
2011.03.31 16:26:58.280,0.69989,0.70026,3.00,2.85
2011.03.31 16:26:58.607,0.69988,0.70025,2.85,2.25
2011.03.31 16:26:59.380,0.69989,0.70026,2.85,2.85
2011.03.31 16:27:00.612,0.69989,0.70026,3.00,2.85
2011.03.31 16:27:01.368,0.69991,0.70032,2.25,2.10
2011.03.31 16:27:01.805,0.69989,0.70028,2.85,2.63
2011.03.31 16:27:02.358,0.6999,0.70029,2.85,2.63
2011.03.31 16:27:02.867,0.69992,0.70029,2.25,2.63
2011.03.31 16:27:06.557,0.69993,0.70032,2.25,3.23
2011.03.31 16:27:08.668,0.69993,0.70032,2.40,3.23
2011.03.31 16:27:09.465,0.69993,0.70032,3.00,2.63
2011.03.31 16:27:11.578,0.69998,0.70035,2.85,2.63
2011.03.31 16:27:11.908,0.69998,0.70042,2.25,3.23
2011.03.31 16:27:14.278,0.69998,0.70042,2.40,3.23
2011.03.31 16:27:14.388,0.69998,0.70042,2.25,3.23
2011.03.31 16:27:14.498,0.69994,0.7004,2.78,2.85
2011.03.31 16:27:14.608,0.69998,0.70042,2.25,2.85
2011.03.31 16:27:15.977,0.69999,0.70043,2.25,3.23
2011.03.31 16:27:16.818,0.70001,0.70046,2.25,2.48
2011.03.31 16:27:16.928,0.70001,0.70047,2.85,2.63
2011.03.31 16:27:18.368,0.70001,0.70047,2.40,4.73
2011.03.31 16:27:27.618,0.69997,0.70042,2.40,3.23
2011.03.31 16:27:28.321,0.69994,0.70038,3.15,2.63
2011.03.31 16:27:28.428,0.69994,0.70038,3.00,2.63
2011.03.31 16:27:28.538,0.69995,0.70038,1.13,2.25
2011.03.31 16:27:28.868,0.70002,0.70039,2.25,2.63
2011.03.31 16:27:29.199,0.70002,0.70039,2.78,2.25
2011.03.31 16:27:29.528,0.70008,0.70044,2.25,3.23
2011.03.31 16:27:30.058,0.70008,0.70044,2.25,4.73
2011.03.31 16:27:31.298,0.70008,0.70044,2.40,4.73
2011.03.31 16:27:38.418,0.70008,0.70044,2.25,4.73
2011.03.31 16:27:43.058,0.70008,0.70042,2.40,3.23
2011.03.31 16:27:43.389,0.70003,0.70036,2.40,2.85
2011.03.31 16:27:48.803,0.70002,0.70036,2.40,2.85
2011.03.31 16:27:50.030,0.70002,0.70036,2.40,2.85
2011.03.31 16:27:50.288,0.7,0.70035,2.40,2.85
2011.03.31 16:27:50.469,0.7,0.70035,2.55,2.85
2011.03.31 16:27:51.430,0.7,0.70035,2.40,2.85
2011.03.31 16:27:54.990,0.7,0.70035,2.25,2.85
2011.03.31 16:27:55.702,0.7,0.70035,2.40,2.85
2011.03.31 16:27:55.810,0.69999,0.70032,2.25,2.85
2011.03.31 16:27:56.154,0.69999,0.70033,2.40,2.85
2011.03.31 16:27:56.638,0.69998,0.70034,2.85,2.85
2011.03.31 16:27:56.749,0.69999,0.70034,2.25,3.23
2011.03.31 16:27:57.078,0.69996,0.70031,2.40,4.35
2011.03.31 16:27:57.494,0.69996,0.70031,2.55,4.35
2011.03.31 16:27:57.600,0.69992,0.70027,1.05,2.85
2011.03.31 16:27:57.819,0.69992,0.70028,3.15,2.85
2011.03.31 16:27:58.528,0.69992,0.70028,2.55,4.35
2011.03.31 16:27:58.748,0.69988,0.70024,3.38,2.85
2011.03.31 16:27:58.858,0.69988,0.70024,3.53,2.85
2011.03.31 16:27:59.557,0.69992,0.70031,3.00,2.85
2011.03.31 16:27:59.669,0.69992,0.70031,2.85,2.85
2011.03.31 16:28:00.109,0.7,0.70033,2.25,2.48
2011.03.31 16:28:00.219,0.7,0.70035,2.25,2.85
2011.03.31 16:28:00.759,0.69999,0.70034,2.25,2.85
2011.03.31 16:28:01.340,0.69999,0.70034,2.85,2.25
2011.03.31 16:28:01.872,0.70002,0.70035,2.85,2.85
2011.03.31 16:28:02.770,0.70002,0.70035,2.25,2.85
2011.03.31 16:28:02.877,0.69998,0.70034,2.85,2.85
2011.03.31 16:28:02.989,0.69998,0.70034,3.00,2.85
2011.03.31 16:28:03.098,0.69998,0.70034,3.00,2.25
2011.03.31 16:28:03.661,0.70002,0.70035,3.00,2.25
2011.03.31 16:28:03.821,0.70002,0.70035,3.00,2.63
2011.03.31 16:28:04.037,0.69995,0.70029,3.00,2.85
2011.03.31 16:28:05.218,0.69996,0.70031,2.85,2.85
2011.03.31 16:28:05.332,0.69996,0.70031,2.85,2.25
2011.03.31 16:28:05.439,0.69993,0.70028,2.85,2.25
2011.03.31 16:28:05.549,0.69997,0.7003,2.85,2.25
2011.03.31 16:28:07.587,0.69995,0.70031,3.00,2.25
2011.03.31 16:28:07.749,0.69995,0.70031,2.40,2.85
2011.03.31 16:28:07.969,0.69995,0.70031,3.00,2.25
2011.03.31 16:28:09.668,0.69995,0.70028,3.00,2.25
2011.03.31 16:28:09.777,0.69996,0.70031,3.00,2.25
2011.03.31 16:28:10.008,0.69996,0.70031,2.25,2.85
2011.03.31 16:28:10.174,0.69996,0.70031,2.25,2.85
2011.03.31 16:28:10.290,0.69999,0.70032,2.25,2.85
2011.03.31 16:28:14.043,0.69999,0.70032,2.25,4.35
2011.03.31 16:28:14.259,0.7,0.70033,2.25,2.85
2011.03.31 16:28:14.917,0.69999,0.70034,2.25,2.85
2011.03.31 16:28:15.138,0.70002,0.70035,2.25,2.85
2011.03.31 16:28:15.690,0.70001,0.70034,2.25,2.85
2011.03.31 16:28:18.092,0.70002,0.70035,2.85,2.25
2011.03.31 16:28:18.612,0.70003,0.70036,2.85,2.85
2011.03.31 16:28:21.731,0.70003,0.70036,2.25,2.85
2011.03.31 16:28:28.599,0.70006,0.70039,2.25,2.85
2011.03.31 16:28:29.157,0.70005,0.7004,2.25,2.85
2011.03.31 16:28:29.857,0.70006,0.70041,2.25,2.85
2011.03.31 16:28:38.519,0.70003,0.70038,3.23,3.00
2011.03.31 16:28:38.739,0.70006,0.70039,2.25,3.00
2011.03.31 16:28:39.070,0.70002,0.70035,3.23,2.25
2011.03.31 16:28:39.836,0.70002,0.70035,2.25,2.85
2011.03.31 16:28:40.269,0.70002,0.70035,2.25,3.00
2011.03.31 16:28:41.082,0.70002,0.70035,2.25,2.85
2011.03.31 16:28:41.299,0.70002,0.70032,2.25,2.10
2011.03.31 16:28:41.410,0.69998,0.70032,2.63,2.10
2011.03.31 16:28:41.957,0.69999,0.70032,2.25,2.10
2011.03.31 16:28:42.758,0.7,0.70033,2.25,2.85
2011.03.31 16:28:45.091,0.69999,0.70033,2.25,2.85
2011.03.31 16:28:46.732,0.69999,0.70032,3.23,2.25
2011.03.31 16:28:47.180,0.69998,0.70034,3.23,2.85
2011.03.31 16:28:49.198,0.69996,0.70031,2.48,2.25
2011.03.31 16:28:49.309,0.70001,0.70036,2.85,2.85
2011.03.31 16:28:55.827,0.70003,0.70036,2.25,2.85
2011.03.31 16:28:55.991,0.70001,0.70037,2.85,2.85
2011.03.31 16:28:56.972,0.70002,0.70036,2.25,2.85
2011.03.31 16:28:58.968,0.70001,0.70036,2.85,2.85
2011.03.31 16:28:59.942,0.70002,0.70036,2.25,2.85
2011.03.31 16:29:00.662,0.70003,0.70036,2.25,2.85
2011.03.31 16:29:01.282,0.70001,0.70036,2.85,2.85
2011.03.31 16:29:01.828,0.69999,0.70033,2.85,2.25
2011.03.31 16:29:01.939,0.69999,0.70033,2.85,2.85
2011.03.31 16:29:02.158,0.70001,0.70034,2.25,2.85
2011.03.31 16:29:02.681,0.70002,0.70035,2.25,2.85
2011.03.31 16:29:06.168,0.70001,0.70034,2.25,2.85
2011.03.31 16:29:06.729,0.70002,0.70035,2.25,2.85
2011.03.31 16:29:08.778,0.70003,0.70038,2.25,4.35
2011.03.31 16:29:11.708,0.70003,0.70038,2.25,2.85
2011.03.31 16:29:12.038,0.70006,0.7004,2.25,2.10
2011.03.31 16:29:13.059,0.70007,0.7004,2.25,2.85
2011.03.31 16:29:16.998,0.70004,0.7004,3.23,2.85
2011.03.31 16:29:23.727,0.70004,0.7004,2.63,4.50
2011.03.31 16:29:24.341,0.70003,0.70036,2.25,2.85
2011.03.31 16:29:25.527,0.70002,0.70036,2.25,2.85
2011.03.31 16:29:31.439,0.7,0.70035,3.23,2.25
2011.03.31 16:29:32.111,0.69999,0.70034,3.23,2.25
2011.03.31 16:29:32.648,0.69998,0.70033,4.73,2.25
2011.03.31 16:29:32.759,0.69998,0.70033,3.23,2.25
2011.03.31 16:29:32.982,0.70001,0.70034,2.25,2.25
2011.03.31 16:29:35.758,0.69999,0.70032,3.23,2.25
2011.03.31 16:29:35.868,0.69998,0.70034,3.23,2.25
2011.03.31 16:29:36.198,0.70002,0.70035,2.25,2.25
2011.03.31 16:29:36.892,0.70001,0.70034,2.25,2.25
2011.03.31 16:29:38.988,0.70002,0.70035,2.25,2.25
2011.03.31 16:29:41.219,0.70002,0.70035,2.85,2.25
2011.03.31 16:29:43.799,0.69998,0.70033,3.23,2.25
2011.03.31 16:29:50.729,0.69997,0.70031,2.48,2.25
2011.03.31 16:29:51.129,0.70001,0.7004,3.23,2.55
2011.03.31 16:29:51.238,0.70001,0.7004,3.23,2.40
2011.03.31 16:29:52.249,0.70001,0.7004,3.23,2.25
2011.03.31 16:29:53.240,0.70001,0.7004,3.23,2.40
2011.03.31 16:29:56.478,0.70001,0.7004,3.23,2.40
2011.03.31 16:29:56.881,0.70008,0.70042,2.63,2.25
2011.03.31 16:29:57.531,0.70007,0.70043,2.63,2.40
2011.03.31 16:29:58.322,0.70007,0.70043,2.63,2.40
2011.03.31 16:30:01.048,0.70005,0.70039,2.25,2.40
2011.03.31 16:30:01.378,0.70005,0.70039,2.25,2.55
2011.03.31 16:30:01.718,0.70005,0.70038,2.25,2.40
2011.03.31 16:30:02.289,0.70005,0.70038,2.25,2.40
2011.03.31 16:30:03.941,0.70005,0.70038,2.25,2.25
2011.03.31 16:30:05.459,0.70005,0.70038,2.85,2.25
2011.03.31 16:30:06.388,0.70005,0.70038,2.85,2.55
2011.03.31 16:30:08.382,0.70005,0.70038,2.85,2.25
2011.03.31 16:30:10.544,0.70004,0.70037,2.85,2.25
2011.03.31 16:30:12.150,0.70003,0.70036,3.23,2.25
2011.03.31 16:30:12.457,0.70003,0.70038,3.23,2.25
2011.03.31 16:30:15.962,0.70003,0.70038,3.23,2.40
2011.03.31 16:30:17.470,0.70001,0.70036,3.23,2.25
2011.03.31 16:30:17.969,0.7,0.70035,3.23,2.85
2011.03.31 16:30:18.622,0.70001,0.70034,3.23,2.25
2011.03.31 16:30:19.584,0.70001,0.70034,3.38,2.25
2011.03.31 16:30:20.128,0.70001,0.70035,1.13,2.85
2011.03.31 16:30:20.470,0.70001,0.70033,1.13,2.25
2011.03.31 16:30:20.578,0.70001,0.70035,1.13,2.85
2011.03.31 16:30:20.799,0.69999,0.70033,3.23,2.25
2011.03.31 16:30:21.129,0.69997,0.7003,2.85,2.25
2011.03.31 16:30:21.460,0.69995,0.70028,3.23,2.25
2011.03.31 16:30:21.679,0.69997,0.70032,2.25,2.85
2011.03.31 16:30:25.069,0.69997,0.70032,2.85,2.25
2011.03.31 16:30:33.798,0.69997,0.70032,2.25,2.85
2011.03.31 16:30:34.692,0.69998,0.70034,2.25,2.85
2011.03.31 16:30:34.799,0.69998,0.70034,2.25,2.85
2011.03.31 16:30:34.909,0.69998,0.70031,2.25,2.25
2011.03.31 16:30:38.829,0.69997,0.7003,2.85,2.25
2011.03.31 16:30:40.488,0.69998,0.70031,2.25,2.25
2011.03.31 16:30:41.032,0.69996,0.70031,2.63,2.85
2011.03.31 16:30:41.138,0.69993,0.70028,2.63,2.25
2011.03.31 16:30:41.574,0.69992,0.70025,3.38,2.25
2011.03.31 16:30:41.682,0.69992,0.70026,2.85,2.25
2011.03.31 16:30:42.213,0.69993,0.70026,2.25,2.25
2011.03.31 16:30:43.178,0.69994,0.70029,2.25,3.00
2011.03.31 16:30:45.422,0.69994,0.70029,2.25,2.85
2011.03.31 16:30:46.008,0.69994,0.70029,2.25,3.00
2011.03.31 16:30:48.700,0.69994,0.70029,2.25,2.85
2011.03.31 16:30:48.918,0.69992,0.70027,2.85,2.25
2011.03.31 16:30:49.688,0.69994,0.70029,2.25,3.00
2011.03.31 16:30:51.978,0.69993,0.70026,2.25,2.25
2011.03.31 16:30:53.389,0.69994,0.70029,2.85,2.25
2011.03.31 16:30:53.718,0.69998,0.70032,2.85,2.25
2011.03.31 16:30:56.810,0.69998,0.70034,2.85,3.00
2011.03.31 16:30:57.551,0.69998,0.70034,2.85,3.00
2011.03.31 16:30:59.701,0.69998,0.70034,2.85,2.85
2011.03.31 16:31:01.959,0.69998,0.70032,2.85,2.25
2011.03.31 16:31:07.750,0.7,0.70035,2.85,2.85
2011.03.31 16:31:15.109,0.70003,0.70038,2.25,3.00
2011.03.31 16:31:15.632,0.70003,0.70038,2.25,3.15
2011.03.31 16:31:17.638,0.70003,0.70038,2.25,2.85
2011.03.31 16:31:27.688,0.70003,0.70038,2.25,3.15
2011.03.31 16:31:31.294,0.70003,0.70038,2.25,3.00
2011.03.31 16:31:35.370,0.70002,0.70037,2.25,2.85
2011.03.31 16:31:37.263,0.70002,0.70035,2.25,3.00
2011.03.31 16:31:38.022,0.70002,0.70035,2.25,3.15
2011.03.31 16:31:39.929,0.70002,0.70035,2.25,3.00
2011.03.31 16:31:45.748,0.70002,0.70035,2.25,3.15
2011.03.31 16:31:46.472,0.70001,0.70034,2.25,3.15
2011.03.31 16:31:48.278,0.69998,0.70033,2.25,2.40
2011.03.31 16:31:48.811,0.69996,0.70031,2.85,3.00
2011.03.31 16:31:50.379,0.69995,0.70031,2.85,2.85
2011.03.31 16:31:50.709,0.69994,0.7003,2.85,3.00
2011.03.31 16:31:51.082,0.69994,0.70029,2.85,3.15
2011.03.31 16:31:52.020,0.69994,0.70029,2.85,3.00
2011.03.31 16:31:53.449,0.69994,0.70029,2.85,3.15
2011.03.31 16:31:55.749,0.69994,0.70026,2.25,2.25
2011.03.31 16:31:58.628,0.69992,0.70026,2.25,4.50
2011.03.31 16:31:58.739,0.69989,0.70024,2.25,3.00
2011.03.31 16:31:58.847,0.69991,0.70024,2.25,3.00
2011.03.31 16:32:02.469,0.6999,0.70023,2.25,2.85
2011.03.31 16:32:02.909,0.6999,0.70023,2.25,3.00
2011.03.31 16:32:04.498,0.69989,0.70023,2.25,3.00
2011.03.31 16:32:05.048,0.69989,0.70022,2.25,2.25
2011.03.31 16:32:05.159,0.69985,0.70021,2.25,3.00
2011.03.31 16:32:05.489,0.69987,0.70022,2.25,4.35
2011.03.31 16:32:05.817,0.69985,0.70021,2.25,3.00
2011.03.31 16:32:06.591,0.69984,0.7002,2.85,3.00
2011.03.31 16:32:08.311,0.69987,0.7002,2.25,3.00
2011.03.31 16:32:08.871,0.69988,0.70021,2.25,3.00
2011.03.31 16:32:09.478,0.69984,0.7002,2.85,3.15
2011.03.31 16:32:09.979,0.69984,0.7002,2.85,3.00
2011.03.31 16:32:18.238,0.69982,0.70015,2.25,2.10
2011.03.31 16:32:18.348,0.6998,0.70015,2.25,4.35
2011.03.31 16:32:25.048,0.69981,0.70015,2.25,2.10
2011.03.31 16:32:25.781,0.69982,0.70015,2.25,4.35
2011.03.31 16:32:28.657,0.69982,0.70015,2.85,2.85
2011.03.31 16:32:28.989,0.69982,0.70015,2.25,2.85
2011.03.31 16:32:29.698,0.69981,0.70014,2.63,2.85
2011.03.31 16:32:30.907,0.69981,0.70014,2.25,3.15
2011.03.31 16:32:32.797,0.69981,0.70014,2.25,3.30
2011.03.31 16:32:33.019,0.69976,0.70009,2.25,2.25
2011.03.31 16:32:33.590,0.69977,0.70009,2.25,2.25
2011.03.31 16:32:46.068,0.69976,0.70009,2.25,2.25
2011.03.31 16:32:50.438,0.69978,0.70009,2.25,2.10
2011.03.31 16:32:51.459,0.69983,0.70009,2.25,2.10
2011.03.31 16:32:51.569,0.69979,0.70009,2.25,2.10
2011.03.31 16:32:53.459,0.69981,0.70009,2.25,2.10
2011.03.31 16:32:53.680,0.69979,0.70009,2.25,2.10
2011.03.31 16:32:54.352,0.69978,0.70009,2.25,2.10
2011.03.31 16:32:55.012,0.69977,0.70009,2.25,2.10
2011.03.31 16:32:55.559,0.69977,0.70005,2.25,2.10
2011.03.31 16:32:55.669,0.69972,0.70005,2.25,2.10
2011.03.31 16:32:55.889,0.69972,0.70008,2.25,2.85
2011.03.31 16:32:55.998,0.69972,0.70006,2.25,2.10
2011.03.31 16:32:56.459,0.69972,0.70008,2.25,2.85
2011.03.31 16:32:57.099,0.69976,0.70009,2.25,3.00
2011.03.31 16:32:58.988,0.69978,0.7001,2.25,2.25
2011.03.31 16:32:59.208,0.69978,0.70013,2.25,4.50
2011.03.31 16:32:59.428,0.69976,0.70011,2.25,3.00
2011.03.31 16:33:00.102,0.69977,0.7001,2.25,3.00
2011.03.31 16:33:04.357,0.69977,0.7001,2.25,3.15
2011.03.31 16:33:07.360,0.69977,0.7001,2.25,3.00
2011.03.31 16:33:10.468,0.6998,0.70013,2.25,4.50
2011.03.31 16:33:10.689,0.69978,0.70011,2.25,3.00
2011.03.31 16:33:13.487,0.6998,0.70013,2.25,4.65
2011.03.31 16:33:14.028,0.69979,0.70013,2.25,2.10
2011.03.31 16:33:15.579,0.69978,0.70011,2.25,3.00
2011.03.31 16:33:15.908,0.6998,0.70013,2.25,4.65
2011.03.31 16:33:16.129,0.69976,0.7001,2.25,3.00
2011.03.31 16:33:18.828,0.69978,0.70011,2.25,3.00
2011.03.31 16:33:19.158,0.6998,0.70013,2.25,4.50
2011.03.31 16:33:19.378,0.69978,0.70011,2.25,3.00
2011.03.31 16:33:21.889,0.69978,0.70011,2.25,3.15
2011.03.31 16:33:22.500,0.6997,0.70004,2.25,2.10
2011.03.31 16:33:23.059,0.69969,0.70002,2.25,2.85
2011.03.31 16:33:23.171,0.69962,0.69999,2.85,2.85
2011.03.31 16:33:23.938,0.6996,0.69995,2.48,2.25
2011.03.31 16:33:24.049,0.69961,0.69998,2.85,3.23
2011.03.31 16:33:29.799,0.69961,0.69998,2.25,3.23
2011.03.31 16:33:29.908,0.69958,0.69993,2.25,2.85
2011.03.31 16:33:47.260,0.69957,0.69992,2.25,2.25
2011.03.31 16:33:56.098,0.69959,0.69994,2.25,3.00
2011.03.31 16:33:59.320,0.69959,0.69992,2.25,2.25
2011.03.31 16:34:01.421,0.69959,0.69992,2.25,2.85
2011.03.31 16:34:01.639,0.69959,0.69994,2.85,3.00
2011.03.31 16:34:04.979,0.69958,0.69993,2.25,2.85
2011.03.31 16:34:06.479,0.69958,0.69993,2.85,2.85
2011.03.31 16:34:13.339,0.6996,0.69993,2.25,2.85
2011.03.31 16:34:33.999,0.69959,0.69992,2.85,2.85
2011.03.31 16:34:37.080,0.69958,0.69993,2.85,3.00
2011.03.31 16:34:37.531,0.69951,0.6999,2.85,2.85
2011.03.31 16:34:38.279,0.69953,0.6999,4.35,2.25
2011.03.31 16:34:38.498,0.69954,0.69993,2.25,3.23
2011.03.31 16:34:38.608,0.69951,0.69984,2.85,2.25
2011.03.31 16:34:39.158,0.69951,0.69984,2.25,2.85
2011.03.31 16:34:39.501,0.69951,0.69984,2.25,2.85
2011.03.31 16:34:41.799,0.69953,0.69984,2.10,2.25
2011.03.31 16:34:41.908,0.69956,0.69991,2.85,2.78
2011.03.31 16:34:42.019,0.69954,0.69988,3.23,3.00
2011.03.31 16:34:42.129,0.6996,0.69992,2.25,2.25
2011.03.31 16:34:43.039,0.69957,0.6999,2.25,2.85
2011.03.31 16:34:43.658,0.69958,0.69992,2.25,2.25
2011.03.31 16:34:46.879,0.69958,0.69993,2.85,2.85
2011.03.31 16:34:47.044,0.69958,0.69993,2.85,3.15
2011.03.31 16:34:47.371,0.69958,0.69993,2.85,2.85
2011.03.31 16:34:47.590,0.69961,0.69994,2.25,3.00
2011.03.31 16:34:48.158,0.69953,0.69992,2.85,2.25
2011.03.31 16:34:48.378,0.69953,0.6999,2.85,2.25
2011.03.31 16:34:49.591,0.69953,0.6999,2.85,2.85
2011.03.31 16:34:50.780,0.69952,0.69988,1.13,2.25
2011.03.31 16:34:51.383,0.69953,0.6999,2.85,2.40
2011.03.31 16:34:51.910,0.69951,0.69988,4.35,2.25
2011.03.31 16:34:53.289,0.69951,0.69988,2.85,2.40
2011.03.31 16:34:53.401,0.69958,0.69991,2.25,2.40
2011.03.31 16:34:53.672,0.69957,0.69991,2.25,2.25
2011.03.31 16:34:53.889,0.6996,0.69994,2.25,3.00
2011.03.31 16:34:54.110,0.69958,0.69991,2.25,2.25
2011.03.31 16:34:54.608,0.6996,0.69994,2.25,2.40
2011.03.31 16:34:54.829,0.6996,0.69994,2.25,2.55
2011.03.31 16:34:55.083,0.6996,0.69994,2.25,2.40
2011.03.31 16:34:55.490,0.69962,0.69995,2.25,2.40
2011.03.31 16:35:00.559,0.69964,0.69999,2.25,3.15
2011.03.31 16:35:00.924,0.69962,0.69997,2.25,3.00
2011.03.31 16:35:02.683,0.69961,0.69996,2.25,2.40
2011.03.31 16:35:03.191,0.6996,0.69995,2.25,2.40
2011.03.31 16:35:04.541,0.6996,0.69993,2.25,2.85
2011.03.31 16:35:04.648,0.69957,0.69992,2.25,2.85
2011.03.31 16:35:04.759,0.6996,0.69994,2.25,3.00
2011.03.31 16:35:05.574,0.6996,0.69994,2.25,2.85
2011.03.31 16:35:05.898,0.6996,0.69994,2.85,2.40
2011.03.31 16:35:06.572,0.6996,0.69994,2.85,2.40
2011.03.31 16:35:09.740,0.69961,0.69994,2.85,2.25
2011.03.31 16:35:12.108,0.69962,0.69995,2.85,2.25
2011.03.31 16:35:13.689,0.69962,0.69995,2.85,2.40
2011.03.31 16:35:14.969,0.69962,0.69995,2.85,2.25
2011.03.31 16:35:15.510,0.69963,0.69996,2.85,3.00
2011.03.31 16:35:15.619,0.69963,0.69996,2.85,2.85
2011.03.31 16:35:15.731,0.69968,0.69996,2.10,2.25
2011.03.31 16:35:15.839,0.69968,0.70008,2.10,1.05
2011.03.31 16:35:15.950,0.69968,0.7001,2.10,3.00
2011.03.31 16:35:16.058,0.69968,0.70002,2.10,2.25
2011.03.31 16:35:17.279,0.69968,0.70004,2.10,1.13
2011.03.31 16:35:17.933,0.69968,0.70002,2.10,2.25
2011.03.31 16:35:18.298,0.69968,0.70004,2.10,3.53
2011.03.31 16:35:18.740,0.69968,0.70004,2.10,1.13
2011.03.31 16:35:20.441,0.69968,0.70004,2.10,3.38
2011.03.31 16:35:21.969,0.69968,0.70004,2.10,3.38
2011.03.31 16:35:28.611,0.69968,0.70004,2.10,3.38
2011.03.31 16:35:30.179,0.69968,0.70004,2.10,3.38
2011.03.31 16:35:44.505,0.69972,0.70005,2.25,3.00
2011.03.31 16:35:44.618,0.6997,0.70005,2.25,3.00
2011.03.31 16:35:44.839,0.6997,0.70005,2.25,2.85
2011.03.31 16:35:45.224,0.6997,0.70005,2.25,3.00
2011.03.31 16:35:45.450,0.6997,0.70005,2.25,2.85
2011.03.31 16:35:45.779,0.6997,0.70005,2.25,3.00
2011.03.31 16:35:46.230,0.6997,0.70005,2.25,2.85
2011.03.31 16:35:46.708,0.69969,0.70003,2.25,2.25
2011.03.31 16:35:49.621,0.69969,0.70003,2.25,2.55
2011.03.31 16:35:51.281,0.69969,0.70003,2.25,2.40
2011.03.31 16:35:51.498,0.69969,0.70003,2.25,4.88
2011.03.31 16:35:51.721,0.69965,0.69997,2.25,2.10
2011.03.31 16:35:51.938,0.69959,0.69995,2.85,2.85
2011.03.31 16:35:58.161,0.69959,0.69995,2.85,2.40
2011.03.31 16:35:58.269,0.69959,0.69995,3.23,2.25
2011.03.31 16:35:58.489,0.69962,0.70001,3.23,2.40
2011.03.31 16:35:58.598,0.69968,0.70004,2.25,3.15
2011.03.31 16:35:58.860,0.69968,0.70004,2.25,3.00
2011.03.31 16:35:59.169,0.69962,0.70001,3.23,2.25
2011.03.31 16:36:00.140,0.69962,0.70001,3.23,2.40
2011.03.31 16:36:07.046,0.69962,0.69999,3.23,2.25
2011.03.31 16:36:13.709,0.6996,0.69999,2.63,3.00
2011.03.31 16:36:13.929,0.69957,0.69994,2.25,3.38
2011.03.31 16:36:14.038,0.69952,0.69991,3.23,2.25
2011.03.31 16:36:14.710,0.69953,0.69992,2.25,3.23
2011.03.31 16:36:16.213,0.69955,0.69992,2.25,2.85
2011.03.31 16:36:22.911,0.69956,0.69992,2.10,2.25
2011.03.31 16:36:23.239,0.69966,0.7,2.25,2.85
2011.03.31 16:36:23.459,0.69956,0.70001,4.73,2.48
2011.03.31 16:36:23.678,0.69964,0.70001,2.25,4.73
2011.03.31 16:36:25.110,0.69963,0.7,2.25,3.00
2011.03.31 16:36:39.439,0.69961,0.7,3.38,2.85
2011.03.31 16:36:49.170,0.69962,0.70001,3.00,4.35
2011.03.31 16:36:49.499,0.69967,0.70001,2.63,2.10
2011.03.31 16:36:49.829,0.69972,0.70001,2.25,2.10
2011.03.31 16:36:49.938,0.69974,0.70013,2.25,5.03
2011.03.31 16:36:50.049,0.69971,0.70008,3.23,3.00
2011.03.31 16:36:50.558,0.69972,0.70011,2.25,3.00
2011.03.31 16:36:51.111,0.69973,0.70012,2.25,3.00
2011.03.31 16:36:52.341,0.69972,0.70009,2.63,3.00
2011.03.31 16:37:00.980,0.69974,0.70013,2.25,4.88
2011.03.31 16:37:10.535,0.69974,0.70011,3.23,2.85
2011.03.31 16:37:15.689,0.69974,0.70012,3.23,2.10
2011.03.31 16:37:24.981,0.69978,0.70012,2.25,2.10
2011.03.31 16:37:25.530,0.69971,0.70017,3.38,2.85
2011.03.31 16:37:26.145,0.69971,0.70017,3.38,2.85
2011.03.31 16:37:26.250,0.69971,0.70017,3.23,2.25
2011.03.31 16:37:26.410,0.6998,0.70017,2.25,2.25
2011.03.31 16:37:30.559,0.69972,0.70017,1.13,2.25
2011.03.31 16:37:30.670,0.69971,0.70017,3.00,2.25
2011.03.31 16:37:31.182,0.69971,0.70015,3.00,2.25
2011.03.31 16:37:37.469,0.69972,0.70016,3.00,2.25
2011.03.31 16:37:48.578,0.69972,0.70018,3.38,2.40
2011.03.31 16:37:49.470,0.69974,0.70018,2.10,2.40
2011.03.31 16:38:06.642,0.69976,0.7002,1.13,2.85
2011.03.31 16:38:06.859,0.69975,0.7002,3.23,3.00
2011.03.31 16:38:07.401,0.69974,0.70017,2.48,2.25
2011.03.31 16:38:08.969,0.69974,0.70019,2.48,2.40
2011.03.31 16:38:09.519,0.69974,0.70015,2.48,2.40
2011.03.31 16:38:24.461,0.69974,0.70015,2.48,2.25
2011.03.31 16:38:24.678,0.69974,0.70017,2.48,2.25
2011.03.31 16:38:38.373,0.69974,0.70017,2.48,2.25
2011.03.31 16:38:38.589,0.6998,0.70019,3.23,2.40
2011.03.31 16:38:39.188,0.69974,0.70018,2.48,2.25
2011.03.31 16:38:39.758,0.69975,0.70019,3.23,2.40
2011.03.31 16:38:41.229,0.69975,0.70019,3.23,2.40
2011.03.31 16:38:44.608,0.69975,0.70019,2.63,2.40
2011.03.31 16:38:50.585,0.69972,0.70017,1.13,2.25
2011.03.31 16:38:51.232,0.69972,0.70018,3.38,2.40
2011.03.31 16:38:52.440,0.69972,0.70014,1.13,2.25
2011.03.31 16:38:52.889,0.6997,0.70016,3.23,2.25
2011.03.31 16:38:56.122,0.69974,0.70016,1.13,2.25
2011.03.31 16:38:56.892,0.69971,0.70016,1.13,2.25
2011.03.31 16:38:57.444,0.69974,0.70016,1.13,2.25
2011.03.31 16:38:57.781,0.69972,0.70016,3.23,2.25
2011.03.31 16:39:03.534,0.69974,0.70016,1.13,2.25
2011.03.31 16:39:03.749,0.69972,0.70016,3.38,2.25
2011.03.31 16:39:05.431,0.69974,0.70016,1.13,2.25
2011.03.31 16:39:06.161,0.69972,0.70016,3.38,2.25
2011.03.31 16:39:08.347,0.69974,0.70016,1.13,2.25
2011.03.31 16:39:10.104,0.69972,0.70016,3.38,2.25
2011.03.31 16:39:10.362,0.69972,0.70018,1.13,2.40
2011.03.31 16:39:10.872,0.69972,0.70017,1.13,2.25
2011.03.31 16:39:29.629,0.69971,0.70017,3.38,2.25
2011.03.31 16:39:32.249,0.69971,0.70017,2.63,2.85
2011.03.31 16:39:32.578,0.69967,0.70003,2.78,2.25
2011.03.31 16:39:33.339,0.69966,0.70001,2.78,2.25
2011.03.31 16:39:34.133,0.69967,0.70002,2.63,2.25
2011.03.31 16:39:34.932,0.69967,0.70003,2.78,2.25
2011.03.31 16:39:51.661,0.69967,0.70003,3.23,3.00
2011.03.31 16:39:51.769,0.69967,0.70003,2.85,2.85
2011.03.31 16:39:51.878,0.69964,0.69997,3.23,2.25
2011.03.31 16:39:52.208,0.69956,0.6999,2.63,2.25
2011.03.31 16:39:54.414,0.69955,0.6999,1.13,2.25
2011.03.31 16:39:54.520,0.69951,0.6999,2.25,2.85
2011.03.31 16:39:54.629,0.69939,0.69988,2.40,2.85
2011.03.31 16:39:54.740,0.69947,0.69988,1.13,2.25
2011.03.31 16:39:55.422,0.69947,0.69989,1.13,2.25
2011.03.31 16:40:03.989,0.69948,0.69989,1.13,2.25
2011.03.31 16:40:07.041,0.69952,0.69989,1.13,2.25
2011.03.31 16:40:07.260,0.6995,0.69998,1.13,2.25
2011.03.31 16:40:07.481,0.69951,0.69995,1.28,2.25
2011.03.31 16:40:07.808,0.69951,0.69993,1.28,2.85
2011.03.31 16:40:11.971,0.69952,0.69994,1.05,2.85
2011.03.31 16:40:12.080,0.6995,0.69994,3.53,2.85
2011.03.31 16:40:13.431,0.69952,0.69996,1.28,2.85
2011.03.31 16:40:14.429,0.69951,0.69996,1.28,3.23
2011.03.31 16:40:14.539,0.6995,0.69996,2.78,3.23
2011.03.31 16:40:14.648,0.69949,0.69988,2.78,2.25
2011.03.31 16:40:15.091,0.69949,0.69988,2.25,2.63
2011.03.31 16:40:15.418,0.69947,0.69982,3.00,2.85
2011.03.31 16:40:15.749,0.69942,0.69978,1.13,2.25
2011.03.31 16:40:16.039,0.69941,0.69978,2.78,2.85
2011.03.31 16:40:16.591,0.69941,0.69978,3.38,2.25
2011.03.31 16:40:21.951,0.69941,0.69978,3.23,2.25
2011.03.31 16:40:22.281,0.69951,0.69978,2.25,2.10
2011.03.31 16:40:22.389,0.69941,0.69978,3.23,4.35
2011.03.31 16:40:22.500,0.69941,0.69978,4.88,2.25
2011.03.31 16:40:22.750,0.69941,0.69978,3.38,2.85
2011.03.31 16:40:36.720,0.69941,0.69978,2.40,2.85
2011.03.31 16:40:36.938,0.69926,0.69977,2.40,2.85
2011.03.31 16:40:37.050,0.69932,0.69978,3.38,2.25
2011.03.31 16:40:37.279,0.69935,0.69978,1.13,2.25
2011.03.31 16:40:39.349,0.69941,0.69978,2.78,2.25
2011.03.31 16:41:02.469,0.69941,0.69978,2.93,2.25
2011.03.31 16:41:02.810,0.69941,0.69978,2.78,2.25
2011.03.31 16:41:13.469,0.69941,0.69978,2.63,2.25
2011.03.31 16:41:13.579,0.69956,0.69978,2.10,2.25
2011.03.31 16:41:13.799,0.69966,0.69993,2.25,2.10
2011.03.31 16:41:14.020,0.69947,0.69993,1.13,2.10
2011.03.31 16:41:18.901,0.69951,0.69993,1.13,2.10
2011.03.31 16:41:19.009,0.6995,0.69996,3.38,2.25
2011.03.31 16:41:27.308,0.69959,0.69998,2.63,2.85
2011.03.31 16:41:30.468,0.69959,0.69998,2.63,2.85
2011.03.31 16:41:31.242,0.69961,0.69998,2.25,2.85
2011.03.31 16:41:33.660,0.69952,0.69998,3.23,2.85
2011.03.31 16:41:34.401,0.69952,0.69998,3.38,3.00
2011.03.31 16:41:37.970,0.69961,0.69998,2.63,2.25
2011.03.31 16:41:38.592,0.69963,0.7,2.63,2.40
2011.03.31 16:41:39.699,0.69962,0.69999,2.63,3.00
2011.03.31 16:41:39.809,0.69955,0.70001,3.23,3.00
2011.03.31 16:41:40.189,0.69955,0.70001,3.23,3.15
2011.03.31 16:41:40.822,0.69955,0.70001,3.23,3.00
2011.03.31 16:41:41.689,0.69955,0.70001,2.63,3.23
2011.03.31 16:41:42.020,0.69957,0.69994,2.25,2.85
2011.03.31 16:41:42.240,0.69948,0.69985,2.40,2.25
2011.03.31 16:41:42.922,0.69949,0.69986,2.40,2.63
2011.03.31 16:41:43.180,0.69949,0.69986,2.25,2.63
2011.03.31 16:41:43.502,0.69949,0.69986,2.40,2.63
2011.03.31 16:41:44.450,0.69949,0.69986,2.25,2.63
2011.03.31 16:41:45.391,0.69949,0.69988,2.40,2.63
2011.03.31 16:41:45.499,0.69949,0.69988,2.25,2.63
2011.03.31 16:41:45.738,0.6995,0.69989,2.40,3.23
2011.03.31 16:41:48.182,0.6995,0.69989,2.78,2.85
2011.03.31 16:41:48.509,0.69963,0.69996,2.25,3.23
2011.03.31 16:41:49.153,0.69963,0.69996,2.25,3.23
2011.03.31 16:41:49.368,0.69951,0.69988,3.15,3.23
2011.03.31 16:41:50.289,0.69951,0.69988,3.00,3.23
2011.03.31 16:41:50.509,0.69951,0.69988,2.85,3.23
2011.03.31 16:41:50.730,0.69943,0.6998,3.00,2.25
2011.03.31 16:41:51.119,0.6995,0.69989,3.23,2.85
2011.03.31 16:41:51.669,0.69949,0.69985,2.25,2.25
2011.03.31 16:41:52.351,0.69949,0.69986,2.25,2.85
2011.03.31 16:41:52.850,0.69947,0.69986,3.53,2.85
2011.03.31 16:41:54.483,0.69947,0.69984,3.00,3.23
2011.03.31 16:41:54.589,0.69943,0.6998,3.00,2.25
2011.03.31 16:41:54.700,0.69943,0.6998,3.15,2.25
2011.03.31 16:41:54.921,0.69954,0.69988,2.63,2.25
2011.03.31 16:41:55.139,0.69956,0.70003,3.23,4.73
2011.03.31 16:41:55.702,0.69958,0.70003,2.25,4.73
2011.03.31 16:41:57.689,0.69958,0.70003,2.25,3.38
2011.03.31 16:42:05.220,0.69954,0.69998,3.00,2.25
2011.03.31 16:42:05.793,0.69953,0.69997,3.00,2.25
2011.03.31 16:42:08.811,0.69953,0.69997,3.00,2.25
2011.03.31 16:42:09.030,0.69953,0.69997,2.25,2.85
2011.03.31 16:42:21.456,0.69953,0.69997,2.40,2.85
2011.03.31 16:42:21.772,0.69953,0.69997,2.25,2.85
2011.03.31 16:42:21.971,0.69953,0.69997,2.63,2.85
2011.03.31 16:42:22.079,0.69957,0.70002,2.25,2.40
2011.03.31 16:42:22.300,0.69959,0.70005,2.25,3.38
2011.03.31 16:42:22.410,0.69961,0.70007,2.85,2.40
2011.03.31 16:42:26.121,0.69961,0.70007,2.25,3.00
2011.03.31 16:42:41.019,0.69961,0.70003,2.25,2.63
2011.03.31 16:42:41.612,0.6996,0.69999,2.63,3.23
2011.03.31 16:42:44.251,0.6996,0.69999,3.23,2.40
2011.03.31 16:42:44.470,0.69961,0.70007,2.85,3.00
2011.03.31 16:43:04.323,0.69964,0.70008,2.85,3.53
2011.03.31 16:43:04.978,0.69964,0.70008,2.85,3.53
2011.03.31 16:43:30.460,0.69961,0.70007,2.63,3.00
2011.03.31 16:43:37.171,0.69962,0.70006,2.25,3.00
2011.03.31 16:43:37.500,0.69958,0.70003,2.85,2.85
2011.03.31 16:43:37.719,0.69958,0.70004,3.23,3.00
2011.03.31 16:43:38.302,0.69961,0.70006,2.25,3.00
2011.03.31 16:44:02.139,0.6996,0.70007,2.63,3.38
2011.03.31 16:44:12.750,0.69962,0.70006,2.25,3.00
2011.03.31 16:44:14.881,0.69961,0.70006,2.25,2.85
2011.03.31 16:44:16.831,0.69961,0.70006,2.25,2.25
2011.03.31 16:44:22.920,0.6996,0.70006,2.78,2.25
2011.03.31 16:44:23.491,0.69961,0.70006,2.25,2.40
2011.03.31 16:44:24.052,0.69961,0.70006,2.25,2.55
2011.03.31 16:44:24.391,0.69961,0.70006,2.25,2.40
2011.03.31 16:44:34.062,0.69961,0.70006,2.25,2.40
2011.03.31 16:44:36.292,0.69961,0.70006,2.25,2.25
2011.03.31 16:44:36.690,0.69961,0.70006,2.25,2.40
2011.03.31 16:44:37.518,0.69961,0.70006,2.25,2.40
2011.03.31 16:44:38.490,0.69961,0.70006,2.40,2.25
2011.03.31 16:44:44.859,0.69961,0.70006,2.25,2.40
2011.03.31 16:44:51.433,0.69961,0.70006,2.40,2.25
2011.03.31 16:44:51.650,0.69961,0.70006,2.25,2.40
2011.03.31 16:44:52.830,0.69961,0.70006,2.40,2.25
2011.03.31 16:44:55.501,0.69961,0.70006,2.78,2.25
2011.03.31 16:44:55.829,0.69969,0.70008,2.25,2.25
2011.03.31 16:45:03.411,0.69969,0.70008,2.25,2.55
2011.03.31 16:45:04.432,0.69969,0.70008,2.25,2.40
2011.03.31 16:45:10.790,0.69969,0.70008,2.25,3.23
2011.03.31 16:45:10.898,0.6996,0.70007,2.78,3.23
2011.03.31 16:45:11.742,0.6996,0.70007,2.78,3.23
2011.03.31 16:45:15.712,0.6996,0.70007,2.40,3.23
2011.03.31 16:45:16.072,0.6996,0.69997,2.40,2.25
2011.03.31 16:45:18.889,0.6996,0.69997,3.00,2.25
2011.03.31 16:45:19.467,0.6996,0.70007,3.00,3.23
2011.03.31 16:45:19.581,0.6996,0.70007,3.38,3.23
2011.03.31 16:45:25.971,0.69966,0.70008,2.25,1.13
2011.03.31 16:45:26.189,0.69963,0.70009,2.25,3.00
2011.03.31 16:45:30.498,0.69965,0.7001,2.25,3.38
2011.03.31 16:45:32.459,0.69965,0.7001,2.85,2.78
2011.03.31 16:45:32.571,0.69965,0.7001,3.23,2.40
2011.03.31 16:45:32.898,0.69973,0.70012,2.25,2.78
2011.03.31 16:45:39.459,0.69973,0.70009,2.25,1.28
2011.03.31 16:45:48.619,0.69977,0.70014,2.25,3.53
2011.03.31 16:45:50.290,0.69977,0.70014,2.25,2.93
2011.03.31 16:46:28.560,0.69978,0.70015,2.25,3.53
2011.03.31 16:46:54.393,0.69978,0.70013,2.25,1.05
2011.03.31 16:46:54.609,0.69975,0.7001,2.25,3.23
2011.03.31 16:46:54.719,0.69975,0.7001,2.25,3.23
2011.03.31 16:46:54.830,0.69966,0.70001,2.25,2.85
2011.03.31 16:46:55.049,0.69965,0.69998,2.25,2.85
2011.03.31 16:46:55.159,0.69959,0.69999,2.85,2.10
2011.03.31 16:46:55.710,0.6996,0.70004,2.48,4.88
2011.03.31 16:46:59.970,0.69966,0.70005,3.38,2.25
2011.03.31 16:47:00.189,0.69968,0.70012,2.85,2.25
2011.03.31 16:47:00.414,0.69968,0.70012,2.85,2.63
2011.03.31 16:47:00.883,0.69967,0.70004,3.00,2.25
2011.03.31 16:47:03.178,0.69967,0.70004,2.85,2.40
2011.03.31 16:47:04.474,0.69967,0.70004,3.00,2.25
2011.03.31 16:47:05.204,0.69967,0.70004,2.25,2.40
2011.03.31 16:47:07.740,0.69978,0.70013,2.85,2.85
2011.03.31 16:47:08.071,0.69978,0.7001,2.25,1.13
2011.03.31 16:47:08.713,0.69974,0.70007,2.85,2.85
2011.03.31 16:48:08.172,0.69975,0.70014,2.25,2.40
2011.03.31 16:48:14.700,0.69974,0.70011,2.63,2.25
2011.03.31 16:48:15.162,0.69976,0.70013,2.25,2.25
2011.03.31 16:48:16.273,0.69972,0.70011,2.78,2.25
2011.03.31 16:48:16.820,0.69978,0.70015,2.25,2.78
2011.03.31 16:48:21.997,0.69978,0.70015,2.25,2.63
2011.03.31 16:48:22.620,0.69978,0.70015,2.63,2.25
2011.03.31 16:48:22.972,0.69984,0.70019,2.25,3.23
2011.03.31 16:48:45.060,0.69984,0.70013,2.25,2.10
2011.03.31 16:48:45.170,0.69977,0.70013,3.00,2.10
2011.03.31 16:49:33.250,0.69977,0.70016,2.25,2.63
2011.03.31 16:49:33.501,0.69984,0.70019,2.25,2.85
2011.03.31 16:49:56.676,0.69984,0.70019,2.25,3.23
2011.03.31 16:49:57.000,0.69977,0.70014,2.40,2.10
2011.03.31 16:50:06.250,0.69977,0.70016,2.63,2.85
2011.03.31 16:50:06.469,0.69984,0.70019,2.25,3.23
2011.03.31 16:50:12.300,0.69987,0.70019,2.48,2.25
2011.03.31 16:50:12.629,0.69999,0.70022,2.25,2.10
2011.03.31 16:50:12.740,0.69986,0.70022,2.25,2.10
2011.03.31 16:50:35.519,0.69987,0.70022,2.25,2.10
2011.03.31 16:50:36.030,0.69986,0.70022,2.25,2.10
2011.03.31 16:51:04.401,0.69986,0.70024,2.25,1.13
2011.03.31 16:51:04.729,0.69993,0.70028,2.25,3.23
2011.03.31 16:51:13.680,0.69994,0.70029,2.25,4.50
2011.03.31 16:51:14.359,0.69988,0.70025,2.25,3.23
2011.03.31 16:51:18.200,0.69988,0.70025,3.23,2.85
2011.03.31 16:51:19.830,0.69993,0.70031,2.25,2.48
2011.03.31 16:51:26.989,0.69991,0.7003,2.85,3.23
2011.03.31 16:51:57.799,0.69994,0.70031,2.25,2.48
2011.03.31 16:52:00.690,0.69992,0.70031,2.85,4.35
2011.03.31 16:52:01.549,0.69992,0.70031,4.35,3.00
2011.03.31 16:52:02.263,0.69996,0.70033,2.85,3.15
2011.03.31 16:52:03.369,0.69996,0.70033,2.85,2.85
2011.03.31 16:52:12.251,0.69996,0.70033,2.25,3.23
2011.03.31 16:52:12.361,0.69993,0.70028,2.25,2.25
2011.03.31 16:52:24.869,0.69997,0.7003,2.25,2.25
2011.03.31 16:52:26.443,0.69997,0.7003,2.25,2.40
2011.03.31 16:52:26.690,0.69993,0.70028,2.25,2.40
2011.03.31 16:52:34.021,0.6999,0.70026,3.23,2.25
2011.03.31 16:52:37.670,0.69993,0.70028,2.25,2.25
2011.03.31 16:53:02.659,0.69989,0.70024,3.23,2.25
2011.03.31 16:53:02.989,0.69994,0.70027,2.25,2.25
2011.03.31 16:53:03.820,0.69994,0.70027,3.23,2.25
2011.03.31 16:53:03.930,0.69995,0.70034,3.23,2.85
2011.03.31 16:53:06.440,0.69995,0.70034,3.23,3.15
2011.03.31 16:53:10.948,0.69995,0.70034,3.23,3.00
2011.03.31 16:53:12.441,0.69995,0.70034,2.63,2.85
2011.03.31 16:53:14.912,0.69996,0.70035,2.25,3.23
2011.03.31 16:53:16.042,0.69999,0.70036,2.25,2.85
2011.03.31 16:53:16.560,0.69999,0.70036,2.25,2.85
2011.03.31 16:53:17.011,0.69982,0.70036,2.55,2.85
2011.03.31 16:53:17.120,0.69982,0.70036,2.40,2.85
2011.03.31 16:53:17.230,0.69982,0.70036,2.40,3.23
2011.03.31 16:53:17.613,0.69982,0.70027,2.40,2.25
2011.03.31 16:53:19.490,0.69982,0.70027,2.55,2.25
2011.03.31 16:53:19.884,0.69982,0.70027,2.25,2.25
2011.03.31 16:53:19.990,0.69982,0.70026,2.25,2.10
2011.03.31 16:53:20.623,0.69981,0.70018,2.40,2.85
2011.03.31 16:53:21.293,0.69981,0.70018,2.40,2.85
2011.03.31 16:53:21.860,0.69981,0.70018,2.40,2.85
2011.03.31 16:53:24.365,0.69981,0.70018,3.00,2.25
2011.03.31 16:53:24.693,0.69992,0.70027,2.25,2.85
2011.03.31 16:53:25.290,0.69992,0.70027,2.25,2.25
2011.03.31 16:53:25.399,0.69983,0.70035,2.25,3.00
2011.03.31 16:53:25.510,0.69983,0.70034,2.25,1.13
2011.03.31 16:53:26.024,0.69982,0.70027,2.25,2.25
2011.03.31 16:53:28.981,0.69984,0.70027,2.48,2.85
2011.03.31 16:53:29.374,0.69997,0.70031,2.25,2.85
2011.03.31 16:53:39.360,0.69992,0.70027,2.25,2.85
2011.03.31 16:53:41.869,0.69992,0.70027,2.85,2.25
2011.03.31 16:53:42.202,0.69998,0.7003,2.48,2.25
2011.03.31 16:53:42.311,0.7,0.70033,3.23,2.25
2011.03.31 16:53:42.531,0.70003,0.70039,2.85,3.00
2011.03.31 16:53:52.620,0.70005,0.70038,2.25,2.85
2011.03.31 16:53:53.295,0.70004,0.70039,2.85,3.00
2011.03.31 16:53:54.062,0.70004,0.70039,2.85,3.15
2011.03.31 16:53:54.634,0.70004,0.70039,2.85,3.00
2011.03.31 16:54:05.251,0.69999,0.70034,2.25,2.85
2011.03.31 16:54:06.680,0.69999,0.70034,3.23,2.25
2011.03.31 16:54:07.253,0.70003,0.70039,2.85,3.00
2011.03.31 16:54:07.621,0.70003,0.70039,4.73,2.25
2011.03.31 16:54:07.934,0.7001,0.70043,2.25,3.00
2011.03.31 16:54:18.505,0.7001,0.70043,2.25,3.15
2011.03.31 16:54:18.917,0.7001,0.70043,2.25,3.00
2011.03.31 16:54:22.871,0.7001,0.70043,2.25,3.15
2011.03.31 16:54:24.286,0.7001,0.70043,2.25,2.85
2011.03.31 16:54:24.640,0.70005,0.70038,2.85,2.25
2011.03.31 16:54:27.673,0.70005,0.70036,2.25,2.10
2011.03.31 16:54:27.781,0.6999,0.70034,2.85,2.85
2011.03.31 16:54:28.000,0.69988,0.70027,2.85,2.85
2011.03.31 16:54:28.961,0.69988,0.70027,3.00,2.85
2011.03.31 16:54:29.350,0.69988,0.70027,2.85,2.85
2011.03.31 16:54:36.271,0.69985,0.70024,3.23,2.25
2011.03.31 16:54:40.132,0.69981,0.70016,1.13,2.25
2011.03.31 16:54:40.351,0.69979,0.70024,3.23,1.13
2011.03.31 16:54:40.462,0.69979,0.70023,3.23,2.63
2011.03.31 16:54:40.681,0.69983,0.70029,2.25,2.85
2011.03.31 16:54:42.233,0.69983,0.70029,2.40,2.85
2011.03.31 16:54:42.881,0.69983,0.70029,2.25,2.85
2011.03.31 16:54:43.431,0.69983,0.70029,2.40,2.85
2011.03.31 16:54:43.541,0.69983,0.70029,2.25,3.00
2011.03.31 16:54:44.191,0.69983,0.70029,2.40,2.85
2011.03.31 16:54:44.301,0.69983,0.70029,2.25,3.00
2011.03.31 16:54:46.911,0.69983,0.70029,2.40,2.85
2011.03.31 16:54:47.587,0.69983,0.70029,2.40,2.25
2011.03.31 16:54:50.381,0.69981,0.70027,2.93,2.25
2011.03.31 16:54:50.613,0.69981,0.70027,2.78,2.25
2011.03.31 16:54:55.023,0.69981,0.70028,2.78,2.25
2011.03.31 16:55:00.129,0.69981,0.70028,2.63,2.40
2011.03.31 16:55:03.623,0.69994,0.70028,2.25,2.25
2011.03.31 16:55:03.731,0.69991,0.70026,2.25,2.25
2011.03.31 16:55:03.951,0.69991,0.70026,2.63,2.25
2011.03.31 16:55:04.063,0.69997,0.7003,2.25,2.25
2011.03.31 16:55:04.620,0.69996,0.70032,2.25,2.25
2011.03.31 16:55:07.705,0.69996,0.70032,2.25,2.40
2011.03.31 16:55:09.721,0.69996,0.70032,2.25,2.63
2011.03.31 16:55:09.940,0.69977,0.70023,2.40,2.25
2011.03.31 16:55:10.160,0.69977,0.70023,2.25,2.25
2011.03.31 16:55:10.270,0.69977,0.70023,3.00,2.25
2011.03.31 16:55:10.490,0.69997,0.7003,2.25,2.40
2011.03.31 16:55:11.132,0.69997,0.7003,2.25,2.25
2011.03.31 16:55:12.218,0.69995,0.70028,2.25,2.25
2011.03.31 16:55:12.330,0.69996,0.70032,2.25,2.25
2011.03.31 16:55:15.361,0.69982,0.70028,1.05,2.25
2011.03.31 16:55:15.471,0.69974,0.70028,3.08,2.25
2011.03.31 16:55:15.582,0.69974,0.70028,3.15,2.25
2011.03.31 16:55:15.691,0.69997,0.70033,2.25,2.40
2011.03.31 16:55:18.471,0.69999,0.70032,2.25,2.25
2011.03.31 16:55:19.681,0.70001,0.70034,2.25,2.40
2011.03.31 16:55:20.691,0.70001,0.70034,2.25,2.25
2011.03.31 16:55:21.021,0.69995,0.7003,2.48,2.25
2011.03.31 16:55:21.603,0.7,0.70035,2.85,3.00
2011.03.31 16:55:25.590,0.69996,0.70032,2.25,2.85
2011.03.31 16:55:25.921,0.69998,0.70033,2.25,3.00
2011.03.31 16:55:26.372,0.69998,0.70027,2.25,2.10
2011.03.31 16:55:26.592,0.69998,0.70033,2.25,3.00
2011.03.31 16:55:30.400,0.69994,0.70028,2.85,2.25
2011.03.31 16:55:31.890,0.69998,0.70033,2.25,2.85
2011.03.31 16:55:32.513,0.69983,0.70027,1.35,2.25
2011.03.31 16:55:32.621,0.69999,0.70032,2.25,2.25
2011.03.31 16:55:33.841,0.7,0.70035,2.25,2.40
2011.03.31 16:55:35.083,0.7,0.70035,2.25,2.40
2011.03.31 16:55:36.981,0.7,0.70033,2.25,1.13
2011.03.31 16:55:37.200,0.69995,0.7003,2.25,2.85
2011.03.31 16:55:37.803,0.69995,0.70022,2.25,2.10
2011.03.31 16:55:37.913,0.69992,0.70022,2.10,2.25
2011.03.31 16:55:38.131,0.69996,0.70029,2.85,2.85
2011.03.31 16:55:43.972,0.69996,0.70024,2.25,2.48
2011.03.31 16:55:44.081,0.6998,0.70022,2.40,3.23
2011.03.31 16:55:44.301,0.69981,0.70022,1.13,2.85
2011.03.31 16:55:44.520,0.69996,0.70029,2.85,2.85
2011.03.31 16:55:49.724,0.69996,0.70023,2.25,2.10
2011.03.31 16:55:50.237,0.69995,0.70024,2.25,2.48
2011.03.31 16:55:50.342,0.6998,0.70021,2.10,2.85
2011.03.31 16:55:50.671,0.69976,0.70021,3.15,2.25
2011.03.31 16:55:52.242,0.69976,0.70021,3.15,2.25
2011.03.31 16:55:53.920,0.69976,0.70021,3.00,2.25
2011.03.31 16:55:55.791,0.6999,0.70026,2.25,2.25
2011.03.31 16:55:57.185,0.6999,0.70026,2.25,2.40
2011.03.31 16:55:58.087,0.6999,0.70026,2.25,2.25
2011.03.31 16:55:58.311,0.6999,0.70026,2.25,2.40
2011.03.31 16:55:58.488,0.6999,0.70026,2.25,2.25
2011.03.31 16:55:59.744,0.69992,0.70027,2.25,2.25
2011.03.31 16:56:00.274,0.69994,0.70028,2.25,2.40
2011.03.31 16:56:00.602,0.69996,0.70031,2.25,2.40
2011.03.31 16:56:43.402,0.69995,0.7003,2.25,2.40
2011.03.31 16:56:44.702,0.69995,0.7003,2.25,2.40
2011.03.31 16:57:00.671,0.69995,0.7003,2.85,3.00
2011.03.31 16:57:01.784,0.69995,0.7003,2.85,3.15
2011.03.31 16:57:02.691,0.69995,0.70028,2.25,1.13
2011.03.31 16:57:02.910,0.6999,0.70026,2.85,2.85
2011.03.31 16:57:07.923,0.6999,0.70026,2.85,3.23
2011.03.31 16:57:08.252,0.6998,0.70017,2.85,2.25
2011.03.31 16:57:09.077,0.69977,0.70016,3.23,2.25
2011.03.31 16:57:10.781,0.69977,0.70016,3.23,2.25
2011.03.31 16:57:10.890,0.69983,0.70019,2.63,2.85
2011.03.31 16:57:17.664,0.69983,0.70019,2.25,3.38
2011.03.31 16:57:17.772,0.69983,0.70016,2.25,2.25
2011.03.31 16:57:18.101,0.6998,0.70016,2.85,2.85
2011.03.31 16:57:41.225,0.69978,0.70013,2.85,3.23
2011.03.31 16:57:41.552,0.69978,0.70012,2.25,2.85
2011.03.31 16:58:05.450,0.69971,0.7001,3.00,2.85
2011.03.31 16:58:06.381,0.69971,0.7001,2.85,3.00
2011.03.31 16:58:09.393,0.69971,0.7001,2.85,2.40
2011.03.31 16:58:09.501,0.69971,0.7001,3.00,2.25
2011.03.31 16:58:09.611,0.69978,0.70013,2.25,2.25
2011.03.31 16:58:11.783,0.69972,0.70009,2.85,2.85
2011.03.31 16:58:14.701,0.69978,0.70011,2.25,2.10
2011.03.31 16:58:28.161,0.69976,0.70011,2.25,4.35
2011.03.31 16:58:56.991,0.69976,0.70011,2.63,4.35
2011.03.31 16:58:57.100,0.69979,0.70016,2.63,3.00
2011.03.31 16:58:57.211,0.69979,0.70016,2.63,2.85
2011.03.31 16:58:57.431,0.69975,0.7001,3.23,2.25
