2017.08.29 20:00:00.182,0.69266,0.69282,1.00,1.12
2017.08.29 20:00:00.455,0.69265,0.6928,1.00,1.00
2017.08.29 20:00:01.074,0.69265,0.69283,1.00,1.00
2017.08.29 20:00:01.176,0.69267,0.69283,1.00,1.00
2017.08.29 20:00:01.277,0.69264,0.69281,1.00,1.00
2017.08.29 20:00:01.795,0.69264,0.6928,1.00,1.37
2017.08.29 20:00:01.953,0.69262,0.6928,1.00,1.12
2017.08.29 20:00:02.057,0.69262,0.69277,1.00,1.00
2017.08.29 20:00:02.467,0.69263,0.69279,1.00,1.00
2017.08.29 20:00:02.746,0.69261,0.69279,1.00,1.00
2017.08.29 20:00:03.830,0.69261,0.69278,1.00,1.00
2017.08.29 20:00:04.437,0.69262,0.69278,1.00,1.00
2017.08.29 20:00:04.956,0.69261,0.69279,1.00,1.00
2017.08.29 20:00:05.181,0.69262,0.69277,1.00,1.00
2017.08.29 20:00:05.342,0.6926,0.69277,1.00,1.00
2017.08.29 20:00:05.878,0.6926,0.69276,1.00,1.00
2017.08.29 20:00:06.349,0.69258,0.69273,1.00,1.00
2017.08.29 20:00:06.502,0.69255,0.69273,1.00,1.00
2017.08.29 20:00:06.703,0.69255,0.69271,1.00,1.00
2017.08.29 20:00:07.288,0.69254,0.6927,1.00,1.00
2017.08.29 20:00:08.088,0.69255,0.6927,1.00,1.00
2017.08.29 20:00:08.395,0.69255,0.69272,1.00,1.00
2017.08.29 20:00:08.941,0.69255,0.69271,1.00,1.00
2017.08.29 20:00:09.517,0.69253,0.69269,1.00,1.00
2017.08.29 20:00:10.035,0.69252,0.69268,1.00,1.00
2017.08.29 20:00:10.591,0.69251,0.69268,1.00,1.00
2017.08.29 20:00:12.572,0.69251,0.69267,1.00,1.00
2017.08.29 20:00:14.418,0.69252,0.69267,1.00,1.00
2017.08.29 20:00:14.930,0.69253,0.69267,1.00,1.00
2017.08.29 20:00:15.032,0.69245,0.69263,1.12,1.00
2017.08.29 20:00:15.285,0.69247,0.69264,1.00,1.00
2017.08.29 20:00:15.386,0.69247,0.69266,1.00,1.00
2017.08.29 20:00:15.575,0.69249,0.69266,1.00,1.00
2017.08.29 20:00:17.561,0.69249,0.69265,1.00,1.00
2017.08.29 20:00:21.467,0.69247,0.69262,1.00,1.00
2017.08.29 20:00:22.176,0.69247,0.69264,1.00,1.00
2017.08.29 20:00:23.101,0.69247,0.69265,1.00,1.00
2017.08.29 20:00:26.463,0.69247,0.69264,1.00,1.00
2017.08.29 20:00:28.948,0.69242,0.69259,1.12,1.00
2017.08.29 20:00:29.050,0.69238,0.69256,1.00,1.00
2017.08.29 20:00:30.034,0.69238,0.69255,1.00,1.00
2017.08.29 20:00:30.136,0.69238,0.69257,1.00,1.00
2017.08.29 20:00:30.678,0.69239,0.69258,1.00,1.00
2017.08.29 20:00:31.650,0.69239,0.69255,1.00,1.00
2017.08.29 20:00:32.080,0.69239,0.69257,1.00,1.00
2017.08.29 20:00:32.669,0.6924,0.69257,1.00,1.00
2017.08.29 20:00:38.122,0.6924,0.69258,1.00,1.00
2017.08.29 20:00:38.174,0.69242,0.69259,1.00,1.00
2017.08.29 20:00:40.285,0.69243,0.69259,1.00,1.00
2017.08.29 20:00:40.980,0.69243,0.6926,1.50,1.00
2017.08.29 20:00:41.582,0.69243,0.69261,1.50,1.00
2017.08.29 20:00:42.277,0.69243,0.6926,1.50,1.00
2017.08.29 20:00:42.960,0.69242,0.6926,1.00,1.00
2017.08.29 20:00:44.078,0.69244,0.6926,1.00,1.00
2017.08.29 20:00:44.693,0.69244,0.69261,1.00,1.00
2017.08.29 20:00:45.249,0.69244,0.6926,1.00,1.00
2017.08.29 20:00:45.453,0.69244,0.69265,1.00,1.50
2017.08.29 20:00:45.555,0.69248,0.69265,1.00,1.12
2017.08.29 20:00:45.858,0.6925,0.69266,1.00,1.00
2017.08.29 20:00:46.440,0.69249,0.69266,1.00,1.00
2017.08.29 20:00:47.669,0.69249,0.69267,1.00,1.00
2017.08.29 20:00:50.356,0.69249,0.69269,1.00,1.00
2017.08.29 20:00:50.409,0.69252,0.69272,1.50,1.37
2017.08.29 20:00:50.713,0.69256,0.69273,1.00,1.00
2017.08.29 20:00:51.015,0.69257,0.69276,1.00,1.12
2017.08.29 20:00:51.187,0.69259,0.69276,1.00,1.00
2017.08.29 20:00:52.497,0.6926,0.69276,1.00,1.00
2017.08.29 20:00:53.274,0.69259,0.69276,1.00,1.00
2017.08.29 20:00:54.406,0.69259,0.69277,1.00,1.00
2017.08.29 20:00:55.614,0.69258,0.69274,1.00,1.00
2017.08.29 20:00:56.203,0.69258,0.69273,1.00,1.00
2017.08.29 20:00:56.754,0.69257,0.69272,1.00,1.00
2017.08.29 20:00:57.225,0.69257,0.69276,1.50,1.00
2017.08.29 20:00:57.766,0.69257,0.69275,1.00,1.00
2017.08.29 20:00:57.921,0.69257,0.69272,1.00,1.00
2017.08.29 20:00:58.468,0.69257,0.69273,1.00,1.00
2017.08.29 20:00:58.750,0.69257,0.69275,1.00,1.00
2017.08.29 20:00:59.445,0.69257,0.69273,1.00,1.00
2017.08.29 20:01:00.151,0.69257,0.69274,1.00,1.00
2017.08.29 20:01:00.683,0.69257,0.69273,1.00,1.00
2017.08.29 20:01:00.784,0.69257,0.69275,1.00,1.00
2017.08.29 20:01:02.105,0.69258,0.69276,1.00,1.12
2017.08.29 20:01:02.675,0.69258,0.69275,1.00,1.00
2017.08.29 20:01:04.322,0.69258,0.69274,1.00,1.00
2017.08.29 20:01:04.474,0.69254,0.69271,1.00,1.00
2017.08.29 20:01:04.525,0.6925,0.69269,1.50,1.00
2017.08.29 20:01:04.626,0.69248,0.69264,1.00,1.00
2017.08.29 20:01:04.778,0.69257,0.69274,1.00,1.00
2017.08.29 20:01:05.032,0.6926,0.69277,1.00,1.00
2017.08.29 20:01:05.443,0.69262,0.69277,1.00,1.00
2017.08.29 20:01:05.646,0.69264,0.6928,1.00,1.00
2017.08.29 20:01:06.238,0.69264,0.69281,1.00,1.00
2017.08.29 20:01:07.190,0.69265,0.69281,1.00,1.00
2017.08.29 20:01:09.748,0.69265,0.69279,1.00,1.00
2017.08.29 20:01:12.431,0.69264,0.69278,1.00,1.00
2017.08.29 20:01:12.951,0.69263,0.69278,1.00,1.00
2017.08.29 20:01:15.788,0.69263,0.6928,1.00,1.00
2017.08.29 20:01:16.581,0.69264,0.69279,1.00,1.00
2017.08.29 20:01:17.179,0.69265,0.6928,1.00,1.00
2017.08.29 20:01:21.563,0.69262,0.69279,1.00,1.00
2017.08.29 20:01:22.086,0.69263,0.6928,1.00,1.00
2017.08.29 20:01:24.057,0.69263,0.69279,1.00,1.00
2017.08.29 20:01:25.140,0.69264,0.69279,1.00,1.00
2017.08.29 20:01:26.214,0.69264,0.69282,1.00,1.00
2017.08.29 20:01:26.469,0.69266,0.69282,1.00,1.00
2017.08.29 20:01:27.172,0.69266,0.69281,1.00,1.00
2017.08.29 20:01:29.967,0.69266,0.69282,1.00,1.00
2017.08.29 20:01:31.059,0.69266,0.69281,1.00,1.00
2017.08.29 20:01:31.678,0.69266,0.69282,1.00,1.00
2017.08.29 20:01:33.166,0.69266,0.69281,1.00,1.00
2017.08.29 20:01:34.641,0.69266,0.6928,1.00,1.00
2017.08.29 20:01:39.126,0.69265,0.69279,1.00,1.00
2017.08.29 20:01:39.521,0.69265,0.69281,1.00,1.00
2017.08.29 20:01:44.272,0.69267,0.69284,1.00,1.00
2017.08.29 20:01:48.474,0.69266,0.69284,1.00,1.00
2017.08.29 20:01:49.026,0.69266,0.69283,1.00,1.00
2017.08.29 20:01:54.650,0.69267,0.69283,1.00,1.00
2017.08.29 20:01:54.701,0.69267,0.69286,1.00,1.00
2017.08.29 20:01:54.853,0.69269,0.69286,1.00,1.00
2017.08.29 20:02:00.136,0.69269,0.69287,1.00,1.00
2017.08.29 20:02:00.449,0.6927,0.69285,1.00,1.00
2017.08.29 20:02:01.678,0.69269,0.69285,1.00,1.00
2017.08.29 20:02:02.282,0.69269,0.69286,1.00,1.00
2017.08.29 20:02:04.995,0.69268,0.69286,1.00,1.00
2017.08.29 20:02:07.875,0.69264,0.69284,1.00,1.00
2017.08.29 20:02:09.033,0.69265,0.69284,1.00,1.00
2017.08.29 20:02:09.557,0.69265,0.69285,1.00,1.00
2017.08.29 20:02:09.796,0.69267,0.69287,1.50,1.00
2017.08.29 20:02:10.204,0.6927,0.69287,1.00,1.00
2017.08.29 20:02:10.589,0.69267,0.69284,1.00,1.00
2017.08.29 20:02:12.078,0.69267,0.69285,1.12,1.00
2017.08.29 20:02:12.932,0.69268,0.69285,1.00,1.00
2017.08.29 20:02:13.236,0.69269,0.69287,1.37,1.00
2017.08.29 20:02:13.337,0.69271,0.69289,1.12,1.00
2017.08.29 20:02:13.853,0.69272,0.69289,1.00,1.00
2017.08.29 20:02:17.252,0.69271,0.69287,1.12,1.00
2017.08.29 20:02:17.761,0.69272,0.69287,1.00,1.00
2017.08.29 20:02:21.598,0.69272,0.69287,1.37,1.00
2017.08.29 20:02:21.649,0.69272,0.69289,1.37,1.00
2017.08.29 20:02:23.678,0.69271,0.69289,1.12,1.00
2017.08.29 20:02:24.186,0.69271,0.69288,1.12,1.00
2017.08.29 20:02:24.482,0.69273,0.69289,1.00,1.00
2017.08.29 20:02:24.583,0.69273,0.69291,1.37,1.00
2017.08.29 20:02:29.517,0.69274,0.69291,1.37,1.00
2017.08.29 20:02:30.646,0.69274,0.6929,1.00,1.00
2017.08.29 20:02:30.900,0.69273,0.69288,1.00,1.00
2017.08.29 20:02:31.147,0.69271,0.69287,1.12,1.00
2017.08.29 20:02:31.198,0.69273,0.69289,1.00,1.00
2017.08.29 20:02:31.300,0.69273,0.69291,1.00,1.00
2017.08.29 20:02:31.885,0.69274,0.69291,1.00,1.00
2017.08.29 20:02:31.936,0.69271,0.69289,1.37,1.00
2017.08.29 20:02:32.605,0.6927,0.69289,1.37,1.00
2017.08.29 20:02:33.351,0.69272,0.69289,1.00,1.00
2017.08.29 20:02:33.938,0.69271,0.69286,1.12,1.00
2017.08.29 20:02:34.122,0.69274,0.6929,1.00,1.00
2017.08.29 20:02:34.725,0.69274,0.69289,1.12,1.00
2017.08.29 20:02:37.014,0.69275,0.69289,1.00,1.00
2017.08.29 20:02:37.065,0.69275,0.69292,1.00,1.00
2017.08.29 20:02:37.359,0.69273,0.69291,1.00,1.00
2017.08.29 20:02:37.559,0.69275,0.69291,1.00,1.00
2017.08.29 20:02:40.128,0.69273,0.69291,1.00,1.00
2017.08.29 20:02:40.230,0.69275,0.69291,1.00,1.00
2017.08.29 20:02:41.830,0.69277,0.69293,1.00,1.00
2017.08.29 20:02:42.344,0.69277,0.69294,1.00,1.00
2017.08.29 20:02:46.419,0.69275,0.69294,1.37,1.00
2017.08.29 20:02:46.774,0.69274,0.69291,1.00,1.00
2017.08.29 20:02:47.061,0.69275,0.69293,1.12,1.00
2017.08.29 20:02:47.163,0.69275,0.69291,1.00,1.00
2017.08.29 20:02:47.214,0.69275,0.69293,1.00,1.00
2017.08.29 20:02:47.315,0.69275,0.69291,1.12,1.00
2017.08.29 20:02:48.702,0.69275,0.69292,1.37,1.00
2017.08.29 20:02:49.373,0.69275,0.69291,1.00,1.00
2017.08.29 20:02:49.895,0.69275,0.69293,1.12,1.00
2017.08.29 20:02:50.396,0.69275,0.69293,1.37,1.00
2017.08.29 20:02:51.326,0.69275,0.69293,1.12,1.00
2017.08.29 20:02:51.841,0.69275,0.69292,1.12,1.00
2017.08.29 20:02:52.555,0.69276,0.69293,1.00,1.00
2017.08.29 20:02:53.064,0.69275,0.69292,1.12,1.00
2017.08.29 20:02:53.587,0.69276,0.69294,1.00,1.00
2017.08.29 20:02:53.840,0.69276,0.69292,1.00,1.00
2017.08.29 20:02:54.357,0.69275,0.69292,1.00,1.00
2017.08.29 20:02:55.236,0.69275,0.69291,1.00,1.00
2017.08.29 20:02:55.539,0.69275,0.69289,1.00,1.00
2017.08.29 20:02:58.471,0.69272,0.69289,1.12,1.00
2017.08.29 20:02:58.524,0.69274,0.69289,1.00,1.00
2017.08.29 20:02:59.029,0.69273,0.69289,1.00,1.00
2017.08.29 20:02:59.409,0.69269,0.69286,1.12,1.00
2017.08.29 20:02:59.460,0.69269,0.69284,1.12,1.00
2017.08.29 20:02:59.561,0.69267,0.69284,1.12,1.00
2017.08.29 20:02:59.866,0.69266,0.69282,1.12,1.00
2017.08.29 20:03:00.416,0.69267,0.69283,1.00,1.00
2017.08.29 20:03:01.210,0.69266,0.69283,1.00,1.00
2017.08.29 20:03:01.736,0.69265,0.69282,1.00,1.00
2017.08.29 20:03:02.497,0.69264,0.69282,1.12,1.00
2017.08.29 20:03:02.969,0.69263,0.6928,1.12,1.00
2017.08.29 20:03:03.609,0.69262,0.6928,1.12,1.00
2017.08.29 20:03:04.376,0.69262,0.6928,1.37,1.00
2017.08.29 20:03:05.823,0.69263,0.6928,1.37,1.00
2017.08.29 20:03:06.357,0.69263,0.6928,1.00,1.00
2017.08.29 20:03:06.908,0.69264,0.6928,1.00,1.00
2017.08.29 20:03:09.676,0.69262,0.6928,1.00,1.00
2017.08.29 20:03:09.732,0.69265,0.6928,1.00,1.00
2017.08.29 20:03:10.256,0.69263,0.6928,1.00,1.00
2017.08.29 20:03:10.781,0.69264,0.6928,1.00,1.00
2017.08.29 20:03:15.015,0.69263,0.69278,1.00,1.00
2017.08.29 20:03:15.276,0.6926,0.69276,1.00,1.00
2017.08.29 20:03:15.943,0.6926,0.69275,1.00,1.00
2017.08.29 20:03:16.519,0.69258,0.69275,1.12,1.00
2017.08.29 20:03:17.054,0.69257,0.69275,1.00,1.00
2017.08.29 20:03:17.449,0.69259,0.69275,1.00,1.00
2017.08.29 20:03:18.480,0.69257,0.69275,1.37,1.00
2017.08.29 20:03:23.234,0.69261,0.6928,1.00,1.00
2017.08.29 20:03:23.740,0.6926,0.69279,1.00,1.00
2017.08.29 20:03:24.349,0.6926,0.69278,1.00,1.00
2017.08.29 20:03:24.899,0.69261,0.69279,1.00,1.00
2017.08.29 20:03:25.400,0.69262,0.69279,1.00,1.00
2017.08.29 20:03:28.883,0.69262,0.6928,1.00,1.00
2017.08.29 20:03:30.377,0.69263,0.6928,1.00,1.00
2017.08.29 20:03:30.931,0.69263,0.69281,1.00,1.00
2017.08.29 20:03:32.634,0.69265,0.69281,1.00,1.00
2017.08.29 20:03:33.280,0.69264,0.69281,1.00,1.00
2017.08.29 20:03:33.713,0.69262,0.69281,1.00,1.00
2017.08.29 20:03:34.259,0.69262,0.6928,1.00,1.00
2017.08.29 20:03:34.462,0.69264,0.6928,1.00,1.00
2017.08.29 20:03:38.027,0.69263,0.6928,1.00,1.00
2017.08.29 20:03:39.005,0.69261,0.6928,1.00,1.00
2017.08.29 20:03:39.056,0.69261,0.69278,1.50,1.00
2017.08.29 20:03:39.760,0.69261,0.6928,1.50,1.00
2017.08.29 20:03:39.980,0.69263,0.6928,1.00,1.00
2017.08.29 20:03:42.344,0.69261,0.6928,1.50,1.00
2017.08.29 20:03:43.118,0.69262,0.69281,1.00,1.00
2017.08.29 20:03:43.792,0.69263,0.69281,1.00,1.00
2017.08.29 20:03:44.680,0.69263,0.69282,1.00,1.00
2017.08.29 20:03:46.062,0.69261,0.69282,1.87,1.00
2017.08.29 20:03:48.135,0.69263,0.69283,1.12,1.50
2017.08.29 20:03:48.400,0.69265,0.69282,1.00,1.00
2017.08.29 20:03:48.451,0.69266,0.69285,1.00,1.50
2017.08.29 20:03:48.653,0.69264,0.69283,1.12,1.00
2017.08.29 20:03:48.970,0.69266,0.69284,1.12,1.00
2017.08.29 20:03:49.317,0.69268,0.69283,1.00,1.00
2017.08.29 20:03:50.925,0.69269,0.69283,1.00,1.00
2017.08.29 20:03:51.458,0.69268,0.69283,1.00,1.00
2017.08.29 20:03:54.276,0.69266,0.69283,1.00,1.00
2017.08.29 20:03:54.808,0.69267,0.69283,1.00,1.00
2017.08.29 20:03:55.490,0.69268,0.69283,1.00,1.00
2017.08.29 20:03:56.378,0.69267,0.69283,1.00,1.00
2017.08.29 20:04:01.789,0.69268,0.69284,1.00,1.00
2017.08.29 20:04:01.943,0.69266,0.69284,1.00,1.00
2017.08.29 20:04:02.962,0.69266,0.69283,1.00,1.00
2017.08.29 20:04:03.659,0.69267,0.69283,1.00,1.00
2017.08.29 20:04:04.178,0.69267,0.69284,1.00,1.00
2017.08.29 20:04:08.230,0.69266,0.69283,1.00,1.00
2017.08.29 20:04:08.875,0.69265,0.69282,1.00,1.00
2017.08.29 20:04:09.644,0.69266,0.69282,1.00,1.00
2017.08.29 20:04:16.178,0.69266,0.69284,1.00,1.00
2017.08.29 20:04:16.802,0.69266,0.69283,1.00,1.00
2017.08.29 20:04:17.097,0.69267,0.69286,1.00,1.00
2017.08.29 20:04:17.148,0.69273,0.69286,1.00,1.00
2017.08.29 20:04:17.199,0.69265,0.69285,1.00,1.12
2017.08.29 20:04:17.375,0.69267,0.69283,1.00,1.00
2017.08.29 20:04:17.426,0.69271,0.69288,1.00,1.00
2017.08.29 20:04:17.479,0.69268,0.69286,1.00,1.00
2017.08.29 20:04:17.538,0.69268,0.69283,1.00,1.00
2017.08.29 20:04:18.112,0.69268,0.69284,1.00,1.00
2017.08.29 20:04:18.998,0.69269,0.69284,1.00,1.00
2017.08.29 20:04:19.100,0.69267,0.69284,1.00,1.00
2017.08.29 20:04:22.844,0.69267,0.69284,1.37,1.00
2017.08.29 20:04:23.403,0.69267,0.69284,1.00,1.00
2017.08.29 20:04:24.557,0.69268,0.69284,1.00,1.00
2017.08.29 20:04:24.712,0.69268,0.69282,1.00,1.00
2017.08.29 20:04:24.813,0.69265,0.69281,1.37,1.00
2017.08.29 20:04:25.324,0.69262,0.6928,1.37,1.00
2017.08.29 20:04:25.376,0.69262,0.6928,1.00,1.00
2017.08.29 20:04:25.674,0.69265,0.69281,1.00,1.00
2017.08.29 20:04:25.826,0.69265,0.69284,1.00,1.87
2017.08.29 20:04:25.877,0.69263,0.69283,1.00,1.50
2017.08.29 20:04:26.406,0.69263,0.69282,1.00,1.00
2017.08.29 20:04:26.785,0.69263,0.69284,1.00,1.50
2017.08.29 20:04:27.099,0.69261,0.69282,1.37,1.00
2017.08.29 20:04:27.403,0.69262,0.6928,1.00,1.00
2017.08.29 20:04:27.507,0.69262,0.69282,1.12,1.00
2017.08.29 20:04:27.954,0.69263,0.6928,1.00,1.00
2017.08.29 20:04:28.057,0.69261,0.69279,1.00,1.00
2017.08.29 20:04:28.108,0.69262,0.69283,1.00,1.50
2017.08.29 20:04:28.589,0.6926,0.69277,1.37,1.00
2017.08.29 20:04:29.747,0.69261,0.69278,1.12,1.00
2017.08.29 20:04:30.051,0.69262,0.69278,1.37,1.00
2017.08.29 20:04:31.703,0.69262,0.69278,1.00,1.00
2017.08.29 20:04:32.929,0.69261,0.6928,1.12,1.00
2017.08.29 20:04:33.392,0.69264,0.69281,1.00,1.00
2017.08.29 20:04:33.787,0.69271,0.6928,1.00,1.00
2017.08.29 20:04:33.839,0.69276,0.69294,1.00,1.37
2017.08.29 20:04:34.001,0.69276,0.69295,1.00,1.00
2017.08.29 20:04:34.301,0.69276,0.69293,1.00,1.00
2017.08.29 20:04:34.689,0.69276,0.69295,1.00,1.00
2017.08.29 20:04:35.344,0.69277,0.69295,1.00,1.00
2017.08.29 20:04:35.547,0.69279,0.69296,1.00,1.00
2017.08.29 20:04:35.699,0.69279,0.69298,1.00,1.00
2017.08.29 20:04:35.901,0.69279,0.693,1.00,1.12
2017.08.29 20:04:36.838,0.69279,0.69299,1.00,1.00
2017.08.29 20:04:37.354,0.69278,0.69297,1.00,1.00
2017.08.29 20:04:37.880,0.69276,0.69297,1.12,1.50
2017.08.29 20:04:37.931,0.69279,0.69296,1.00,1.00
2017.08.29 20:04:38.438,0.69278,0.69295,1.00,1.00
2017.08.29 20:04:39.323,0.69278,0.69294,1.00,1.00
2017.08.29 20:04:39.888,0.69279,0.69294,1.00,1.00
2017.08.29 20:04:40.839,0.69278,0.69293,1.00,1.00
2017.08.29 20:04:42.852,0.69281,0.69295,1.00,1.00
2017.08.29 20:04:42.903,0.69282,0.69297,1.00,1.00
2017.08.29 20:04:42.954,0.69282,0.69299,1.00,1.00
2017.08.29 20:04:43.005,0.69286,0.69301,1.00,1.00
2017.08.29 20:04:43.056,0.69284,0.69301,1.00,1.00
2017.08.29 20:04:43.107,0.69284,0.69299,1.00,1.00
2017.08.29 20:04:43.763,0.69284,0.69298,1.00,1.00
2017.08.29 20:04:44.276,0.69283,0.69298,1.00,1.00
2017.08.29 20:04:49.382,0.69277,0.69296,1.37,1.00
2017.08.29 20:04:49.433,0.69281,0.69296,1.00,1.00
2017.08.29 20:04:49.484,0.69281,0.69298,1.00,1.00
2017.08.29 20:04:49.535,0.69283,0.69299,1.00,1.00
2017.08.29 20:04:49.836,0.69285,0.69301,1.00,1.00
2017.08.29 20:04:50.141,0.69285,0.69304,1.37,1.00
2017.08.29 20:04:50.192,0.69285,0.69302,1.37,1.00
2017.08.29 20:04:50.459,0.69283,0.69301,1.37,1.00
2017.08.29 20:04:51.032,0.69284,0.69301,1.37,1.50
2017.08.29 20:04:52.522,0.69284,0.69302,1.37,1.00
2017.08.29 20:04:53.293,0.69284,0.69302,1.00,1.00
2017.08.29 20:04:54.014,0.69284,0.693,1.00,1.00
2017.08.29 20:04:54.260,0.69285,0.69302,1.00,1.00
2017.08.29 20:04:54.815,0.69284,0.69303,1.00,1.50
2017.08.29 20:04:55.706,0.69283,0.69302,1.00,1.00
2017.08.29 20:04:55.757,0.69279,0.693,1.37,1.00
2017.08.29 20:04:56.337,0.69281,0.693,1.37,1.00
2017.08.29 20:04:57.739,0.6928,0.69299,1.37,1.00
2017.08.29 20:04:58.333,0.69279,0.69298,1.37,1.00
2017.08.29 20:04:58.435,0.69279,0.69298,1.37,1.00
2017.08.29 20:04:58.966,0.69279,0.69298,1.37,1.00
2017.08.29 20:04:59.144,0.69279,0.69298,1.37,1.00
2017.08.29 20:04:59.503,0.6928,0.69299,1.37,1.00
2017.08.29 20:04:59.829,0.6928,0.69299,1.37,1.00
2017.08.29 20:05:00.380,0.69282,0.69298,1.00,1.00
2017.08.29 20:05:00.755,0.69282,0.693,1.00,1.00
2017.08.29 20:05:00.907,0.69283,0.69303,1.00,1.50
2017.08.29 20:05:01.231,0.69282,0.69301,1.50,1.00
2017.08.29 20:05:01.383,0.69282,0.69305,1.87,1.00
2017.08.29 20:05:01.485,0.69283,0.69305,1.37,1.00
2017.08.29 20:05:02.007,0.69285,0.69305,1.00,1.00
2017.08.29 20:05:02.651,0.69286,0.69304,1.00,1.00
2017.08.29 20:05:03.189,0.69286,0.69305,1.00,1.00
2017.08.29 20:05:03.850,0.69286,0.69303,1.00,1.00
2017.08.29 20:05:05.867,0.69288,0.69303,1.00,1.00
2017.08.29 20:05:06.218,0.69292,0.69305,1.00,1.00
2017.08.29 20:05:06.320,0.6929,0.69304,1.00,1.00
2017.08.29 20:05:06.567,0.69295,0.69311,1.00,1.00
2017.08.29 20:05:06.617,0.69299,0.69311,1.00,1.00
2017.08.29 20:05:06.719,0.69296,0.69311,1.00,1.00
2017.08.29 20:05:07.489,0.69296,0.6931,1.00,1.00
2017.08.29 20:05:08.521,0.69296,0.69312,1.00,1.00
2017.08.29 20:05:08.572,0.693,0.69314,1.00,1.00
2017.08.29 20:05:08.783,0.69294,0.69314,1.50,1.00
2017.08.29 20:05:09.926,0.69295,0.69314,1.00,1.00
2017.08.29 20:05:11.159,0.69296,0.69314,1.00,1.00
2017.08.29 20:05:13.243,0.69296,0.69313,1.00,1.00
2017.08.29 20:05:13.430,0.69294,0.69314,1.00,1.50
2017.08.29 20:05:13.582,0.69299,0.69314,1.00,1.00
2017.08.29 20:05:13.744,0.69304,0.6932,1.00,1.00
2017.08.29 20:05:13.795,0.69302,0.6932,1.00,1.00
2017.08.29 20:05:13.847,0.69303,0.69322,1.50,1.00
2017.08.29 20:05:14.000,0.69303,0.6932,1.50,1.00
2017.08.29 20:05:14.702,0.69303,0.69322,1.00,1.00
2017.08.29 20:05:15.754,0.69304,0.69322,1.00,1.00
2017.08.29 20:05:17.108,0.69304,0.69321,1.00,1.00
2017.08.29 20:05:17.736,0.69304,0.69322,1.00,1.00
2017.08.29 20:05:19.486,0.69305,0.69322,1.00,1.00
2017.08.29 20:05:20.221,0.69303,0.69322,1.00,1.00
2017.08.29 20:05:22.949,0.69301,0.69319,1.00,1.00
2017.08.29 20:05:23.050,0.69302,0.69321,1.00,1.00
2017.08.29 20:05:24.221,0.69303,0.69321,1.00,1.00
2017.08.29 20:05:25.333,0.69302,0.69321,1.00,1.00
2017.08.29 20:05:25.889,0.69303,0.69321,1.00,1.00
2017.08.29 20:05:26.269,0.69304,0.69323,1.00,1.00
2017.08.29 20:05:26.757,0.69306,0.69322,1.00,1.00
2017.08.29 20:05:27.487,0.69306,0.69323,1.00,1.00
2017.08.29 20:05:28.383,0.69305,0.69323,1.50,1.00
2017.08.29 20:05:29.153,0.69306,0.69323,1.00,1.00
2017.08.29 20:05:29.780,0.69306,0.69322,1.00,1.00
2017.08.29 20:05:30.124,0.69306,0.69324,1.00,1.00
2017.08.29 20:05:30.731,0.69306,0.69323,1.00,1.00
2017.08.29 20:05:31.314,0.69306,0.69322,1.00,1.00
2017.08.29 20:05:31.365,0.69304,0.69322,1.00,1.00
2017.08.29 20:05:32.506,0.69304,0.69323,1.50,1.00
2017.08.29 20:05:33.113,0.69305,0.69323,1.00,1.00
2017.08.29 20:05:35.330,0.69305,0.69324,1.50,1.00
2017.08.29 20:05:35.857,0.69305,0.69323,1.00,1.00
2017.08.29 20:05:37.197,0.69304,0.69323,1.00,1.50
2017.08.29 20:05:37.708,0.69304,0.69322,1.00,1.00
2017.08.29 20:05:41.185,0.69304,0.69323,1.00,1.50
2017.08.29 20:05:41.747,0.69304,0.69322,1.00,1.00
2017.08.29 20:05:42.598,0.69307,0.69322,1.00,1.00
2017.08.29 20:05:44.268,0.69306,0.69322,1.00,1.00
2017.08.29 20:05:44.771,0.69309,0.69322,1.00,1.00
2017.08.29 20:05:45.624,0.69309,0.69324,1.00,1.00
2017.08.29 20:05:47.607,0.6931,0.69324,1.00,1.00
2017.08.29 20:05:48.230,0.6931,0.69325,1.00,1.00
2017.08.29 20:05:49.482,0.69308,0.69325,1.00,1.00
2017.08.29 20:05:49.533,0.69308,0.69323,1.00,1.00
2017.08.29 20:05:50.488,0.69308,0.69324,1.00,1.00
2017.08.29 20:05:51.548,0.69306,0.69319,1.00,1.00
2017.08.29 20:05:52.118,0.69306,0.6932,1.00,1.00
2017.08.29 20:05:53.794,0.69304,0.6932,1.00,1.00
2017.08.29 20:05:54.923,0.69304,0.69321,1.00,1.00
2017.08.29 20:05:55.432,0.69305,0.69321,1.00,1.00
2017.08.29 20:05:58.611,0.69305,0.69319,1.00,1.00
2017.08.29 20:05:59.130,0.69306,0.69319,1.00,1.00
2017.08.29 20:05:59.574,0.69306,0.69321,1.00,1.00
2017.08.29 20:06:00.177,0.69308,0.69322,1.00,1.00
2017.08.29 20:06:01.205,0.6931,0.69324,1.00,1.00
2017.08.29 20:06:04.331,0.69308,0.69324,1.00,1.00
2017.08.29 20:06:04.858,0.69308,0.69323,1.00,1.00
2017.08.29 20:06:05.445,0.69305,0.69323,1.00,1.00
2017.08.29 20:06:06.892,0.69306,0.69323,1.00,1.00
2017.08.29 20:06:09.533,0.69309,0.69323,1.00,1.00
2017.08.29 20:06:11.880,0.69309,0.69322,1.00,1.00
2017.08.29 20:06:12.312,0.69311,0.69323,1.00,1.00
2017.08.29 20:06:12.823,0.69311,0.69324,1.00,1.00
2017.08.29 20:06:14.574,0.6931,0.69324,1.00,1.00
2017.08.29 20:06:15.908,0.6931,0.69321,1.00,1.00
2017.08.29 20:06:15.959,0.69309,0.69323,1.00,1.00
2017.08.29 20:06:16.061,0.69312,0.69324,1.00,1.00
2017.08.29 20:06:16.889,0.69309,0.69326,1.00,1.00
2017.08.29 20:06:16.940,0.69311,0.69324,1.00,1.00
2017.08.29 20:06:17.483,0.69311,0.69323,1.00,1.00
2017.08.29 20:06:20.081,0.69311,0.69325,1.00,1.00
2017.08.29 20:06:20.183,0.69313,0.69325,1.00,1.00
2017.08.29 20:06:20.810,0.69313,0.69324,1.00,1.00
2017.08.29 20:06:20.986,0.69311,0.69324,1.00,1.00
2017.08.29 20:06:22.713,0.6931,0.69324,1.00,1.00
2017.08.29 20:06:22.940,0.69311,0.69326,1.00,1.00
2017.08.29 20:06:23.347,0.69305,0.69325,1.00,1.00
2017.08.29 20:06:26.524,0.6931,0.69325,1.00,1.00
2017.08.29 20:06:29.081,0.69306,0.69325,1.00,1.00
2017.08.29 20:06:32.793,0.69305,0.69325,1.00,1.00
2017.08.29 20:06:33.324,0.69305,0.69324,1.00,1.50
2017.08.29 20:06:34.543,0.69303,0.69323,1.00,1.50
2017.08.29 20:06:34.595,0.69303,0.69321,1.00,1.00
2017.08.29 20:06:34.645,0.693,0.69319,1.12,1.00
2017.08.29 20:06:34.852,0.69301,0.69321,1.00,1.00
2017.08.29 20:06:34.953,0.693,0.69319,1.00,1.00
2017.08.29 20:06:35.863,0.69299,0.69319,1.00,1.00
2017.08.29 20:06:37.053,0.693,0.69319,1.00,1.00
2017.08.29 20:06:38.964,0.69298,0.69317,1.00,1.00
2017.08.29 20:06:39.781,0.69299,0.69319,1.00,1.00
2017.08.29 20:06:40.419,0.693,0.69317,1.00,1.00
2017.08.29 20:06:41.455,0.69298,0.69316,1.00,1.00
2017.08.29 20:06:45.742,0.69296,0.69315,1.00,1.00
2017.08.29 20:06:46.289,0.69297,0.69315,1.00,1.00
2017.08.29 20:06:46.924,0.69297,0.69316,1.50,1.00
2017.08.29 20:06:48.227,0.69299,0.69318,1.50,1.00
2017.08.29 20:06:48.857,0.693,0.69319,1.50,1.00
2017.08.29 20:06:50.247,0.69301,0.69319,1.00,1.00
2017.08.29 20:06:50.967,0.693,0.69319,1.50,1.00
2017.08.29 20:06:53.616,0.693,0.69318,1.00,1.00
2017.08.29 20:06:54.203,0.69299,0.69318,1.50,1.00
2017.08.29 20:06:54.832,0.69299,0.69317,1.00,1.00
2017.08.29 20:06:55.520,0.69299,0.69318,1.00,1.00
2017.08.29 20:06:55.871,0.69297,0.69316,1.00,1.00
2017.08.29 20:06:56.507,0.69296,0.69315,1.00,1.00
2017.08.29 20:07:03.439,0.69298,0.69315,1.00,1.00
2017.08.29 20:07:09.631,0.69297,0.69315,1.00,1.00
2017.08.29 20:07:10.135,0.69296,0.69315,1.00,1.00
2017.08.29 20:07:13.081,0.69296,0.69317,1.00,1.50
2017.08.29 20:07:13.867,0.69298,0.69316,1.00,1.00
2017.08.29 20:07:18.453,0.69296,0.69316,1.12,1.50
2017.08.29 20:07:18.503,0.69293,0.69313,1.50,1.50
2017.08.29 20:07:18.749,0.6929,0.69309,1.00,1.00
2017.08.29 20:07:18.904,0.69292,0.69309,1.00,1.00
2017.08.29 20:07:20.063,0.69287,0.69307,1.00,1.00
2017.08.29 20:07:20.115,0.69285,0.69305,1.12,1.00
2017.08.29 20:07:21.477,0.69286,0.69305,1.00,1.00
2017.08.29 20:07:22.226,0.69287,0.69305,1.00,1.00
2017.08.29 20:07:22.327,0.69287,0.69307,1.00,1.00
2017.08.29 20:07:22.856,0.69287,0.69308,1.00,1.50
2017.08.29 20:07:23.362,0.69289,0.69308,1.00,1.50
2017.08.29 20:07:23.992,0.69289,0.69309,1.00,1.00
2017.08.29 20:07:24.531,0.6929,0.69307,1.00,1.00
2017.08.29 20:07:24.982,0.69288,0.69307,1.00,1.50
2017.08.29 20:07:25.722,0.69288,0.69306,1.00,1.00
2017.08.29 20:07:27.788,0.69286,0.69306,1.00,1.00
2017.08.29 20:07:27.839,0.69289,0.69308,1.00,1.00
2017.08.29 20:07:27.890,0.69289,0.69311,1.50,1.00
2017.08.29 20:07:27.941,0.69289,0.69309,1.50,1.00
2017.08.29 20:07:28.790,0.6929,0.6931,1.00,1.00
2017.08.29 20:07:29.296,0.69291,0.6931,1.00,1.00
2017.08.29 20:07:29.799,0.6929,0.6931,1.00,1.00
2017.08.29 20:07:30.351,0.69289,0.6931,1.00,1.00
2017.08.29 20:07:31.209,0.69289,0.69309,1.00,1.00
2017.08.29 20:07:34.043,0.69288,0.69307,1.00,1.00
2017.08.29 20:07:36.459,0.69286,0.69305,1.00,1.00
2017.08.29 20:07:37.031,0.69287,0.69305,1.00,1.00
2017.08.29 20:07:50.433,0.69284,0.69303,1.00,1.00
2017.08.29 20:07:51.376,0.69284,0.69301,1.50,1.00
2017.08.29 20:07:51.716,0.69286,0.69306,1.00,1.00
2017.08.29 20:07:51.767,0.69288,0.69307,1.00,1.00
2017.08.29 20:07:52.379,0.69289,0.69308,1.00,1.00
2017.08.29 20:07:54.132,0.6929,0.69308,1.00,1.00
2017.08.29 20:07:54.824,0.69289,0.69307,1.00,1.00
2017.08.29 20:07:54.875,0.69287,0.69307,1.50,1.00
2017.08.29 20:07:54.926,0.69287,0.69305,1.50,1.00
2017.08.29 20:07:56.391,0.69288,0.69305,1.00,1.00
2017.08.29 20:07:56.943,0.69287,0.69305,1.50,1.00
2017.08.29 20:07:58.430,0.69288,0.69305,1.00,1.00
2017.08.29 20:07:59.084,0.69287,0.69305,1.50,1.00
2017.08.29 20:07:59.642,0.69287,0.69304,1.50,1.00
2017.08.29 20:08:00.302,0.69289,0.69304,1.00,1.00
2017.08.29 20:08:00.805,0.69288,0.69304,1.00,1.00
2017.08.29 20:08:01.345,0.69288,0.69307,1.50,1.00
2017.08.29 20:08:01.396,0.6929,0.69308,1.00,1.00
2017.08.29 20:08:02.336,0.6929,0.69309,1.00,1.00
2017.08.29 20:08:03.463,0.69291,0.69309,1.00,1.00
2017.08.29 20:08:05.438,0.6929,0.69309,1.00,1.00
2017.08.29 20:08:07.102,0.69289,0.69309,1.50,1.00
2017.08.29 20:08:07.406,0.69291,0.69309,1.00,1.00
2017.08.29 20:08:07.772,0.69291,0.69307,1.00,1.00
2017.08.29 20:08:08.672,0.69291,0.69309,1.00,1.00
2017.08.29 20:08:12.048,0.69291,0.69308,1.00,1.00
2017.08.29 20:08:13.055,0.6929,0.69308,1.00,1.00
2017.08.29 20:08:14.735,0.69291,0.69308,1.00,1.00
2017.08.29 20:08:17.535,0.69291,0.69309,1.00,1.00
2017.08.29 20:08:18.536,0.69291,0.69307,1.00,1.00
2017.08.29 20:08:19.730,0.69291,0.69309,1.00,1.00
2017.08.29 20:08:21.583,0.69285,0.69302,1.00,1.00
2017.08.29 20:08:21.888,0.69287,0.69304,1.00,1.00
2017.08.29 20:08:21.938,0.69287,0.69306,1.00,1.00
2017.08.29 20:08:22.474,0.69288,0.69306,1.00,1.00
2017.08.29 20:08:22.525,0.69289,0.69308,1.50,1.00
2017.08.29 20:08:22.628,0.69291,0.69308,1.00,1.00
2017.08.29 20:08:23.283,0.69291,0.69309,1.00,1.00
2017.08.29 20:08:23.846,0.69291,0.69306,1.00,1.00
2017.08.29 20:08:23.898,0.69289,0.69306,1.50,1.00
2017.08.29 20:08:23.949,0.69291,0.69311,1.00,1.50
2017.08.29 20:08:24.254,0.69296,0.69315,1.00,1.00
2017.08.29 20:08:24.570,0.69297,0.69317,1.50,1.00
2017.08.29 20:08:25.231,0.69297,0.69316,1.00,1.00
2017.08.29 20:08:26.283,0.69296,0.69316,1.50,1.00
2017.08.29 20:08:29.749,0.69296,0.69315,1.00,1.00
2017.08.29 20:08:30.389,0.69295,0.69314,1.00,1.00
2017.08.29 20:08:30.896,0.69296,0.69315,1.50,1.00
2017.08.29 20:08:31.401,0.69296,0.69314,1.00,1.00
2017.08.29 20:08:31.452,0.69293,0.69312,1.87,1.00
2017.08.29 20:08:32.587,0.69294,0.69311,1.00,1.00
2017.08.29 20:08:33.119,0.69293,0.69312,1.50,1.00
2017.08.29 20:08:33.356,0.69294,0.69314,1.00,1.00
2017.08.29 20:08:33.987,0.69295,0.69315,1.50,1.00
2017.08.29 20:08:34.518,0.69296,0.69313,1.00,1.00
2017.08.29 20:08:35.519,0.69295,0.69315,1.50,1.00
2017.08.29 20:08:36.654,0.69295,0.69314,1.50,1.00
2017.08.29 20:08:41.090,0.69296,0.69314,1.00,1.00
2017.08.29 20:08:43.202,0.69295,0.69314,1.00,1.50
2017.08.29 20:08:46.542,0.69295,0.69312,1.00,1.00
2017.08.29 20:08:48.590,0.69296,0.69312,1.00,1.00
2017.08.29 20:08:51.366,0.69295,0.69312,1.00,1.00
2017.08.29 20:08:51.669,0.69297,0.69312,1.00,1.00
2017.08.29 20:08:52.548,0.69295,0.69312,1.00,1.00
2017.08.29 20:08:53.060,0.69296,0.69312,1.00,1.00
2017.08.29 20:08:53.626,0.69296,0.69313,1.00,1.00
2017.08.29 20:08:54.387,0.69295,0.69313,1.00,1.00
2017.08.29 20:08:56.071,0.69294,0.69313,1.00,1.50
2017.08.29 20:08:58.867,0.69295,0.69312,1.00,1.00
2017.08.29 20:08:59.412,0.69295,0.69313,1.00,1.50
2017.08.29 20:08:59.920,0.69295,0.69312,1.00,1.00
2017.08.29 20:09:00.281,0.69291,0.69311,1.00,1.00
2017.08.29 20:09:00.332,0.6929,0.69309,1.00,1.50
2017.08.29 20:09:00.670,0.69288,0.69306,1.00,1.00
2017.08.29 20:09:00.721,0.69286,0.69305,1.00,1.00
2017.08.29 20:09:00.873,0.69289,0.69306,1.00,1.50
2017.08.29 20:09:01.987,0.6929,0.69307,1.00,1.50
2017.08.29 20:09:02.189,0.69287,0.69307,1.00,1.50
2017.08.29 20:09:02.240,0.69289,0.69306,1.00,1.50
2017.08.29 20:09:02.543,0.69292,0.69308,1.00,1.00
2017.08.29 20:09:05.332,0.69292,0.69309,1.00,1.50
2017.08.29 20:09:08.005,0.6929,0.69309,1.00,1.00
2017.08.29 20:09:08.523,0.69291,0.69308,1.00,1.00
2017.08.29 20:09:08.776,0.69289,0.69308,1.00,1.50
2017.08.29 20:09:09.308,0.69288,0.69305,1.00,1.00
2017.08.29 20:09:10.015,0.69288,0.69306,1.00,1.00
2017.08.29 20:09:10.776,0.69287,0.69304,1.00,1.00
2017.08.29 20:09:11.269,0.6929,0.69306,1.00,1.00
2017.08.29 20:09:15.749,0.69288,0.69306,1.00,1.00
2017.08.29 20:09:17.570,0.69287,0.69304,1.00,1.00
2017.08.29 20:09:17.621,0.69284,0.69304,1.00,1.00
2017.08.29 20:09:17.671,0.69286,0.69304,1.00,1.00
2017.08.29 20:09:18.319,0.69284,0.69304,1.00,1.00
2017.08.29 20:09:18.427,0.69287,0.69304,1.00,1.50
2017.08.29 20:09:19.722,0.69287,0.69303,1.00,1.00
2017.08.29 20:09:20.229,0.69287,0.69304,1.00,1.50
2017.08.29 20:09:21.107,0.69286,0.69304,1.00,1.50
2017.08.29 20:09:21.432,0.69286,0.69302,1.00,1.00
2017.08.29 20:09:21.903,0.69288,0.69302,1.00,1.00
2017.08.29 20:09:22.663,0.69286,0.69302,1.00,1.00
2017.08.29 20:09:23.213,0.69286,0.69304,1.00,1.00
2017.08.29 20:09:25.965,0.69286,0.69303,1.00,1.00
2017.08.29 20:09:27.613,0.69285,0.69303,1.12,1.00
2017.08.29 20:09:27.741,0.69287,0.69303,1.00,1.00
2017.08.29 20:09:28.369,0.69286,0.69303,1.12,1.00
2017.08.29 20:09:28.716,0.69288,0.69303,1.00,1.00
2017.08.29 20:09:29.413,0.69287,0.69303,1.00,1.00
2017.08.29 20:09:30.179,0.69287,0.69304,1.00,1.00
2017.08.29 20:09:31.009,0.69285,0.69304,1.12,1.00
2017.08.29 20:09:31.331,0.69286,0.69302,1.00,1.00
2017.08.29 20:09:36.578,0.69287,0.69304,1.00,1.00
2017.08.29 20:09:37.118,0.69287,0.69305,1.00,1.50
2017.08.29 20:09:37.681,0.69289,0.69305,1.00,1.00
2017.08.29 20:09:38.692,0.69289,0.69306,1.00,1.00
2017.08.29 20:09:40.159,0.69288,0.69306,1.00,1.50
2017.08.29 20:09:40.767,0.69288,0.69305,1.00,1.00
2017.08.29 20:09:41.428,0.69287,0.69305,1.00,1.00
2017.08.29 20:09:45.660,0.69286,0.69305,1.00,1.50
2017.08.29 20:09:46.309,0.69285,0.69304,1.12,1.00
2017.08.29 20:09:46.812,0.69286,0.69303,1.00,1.00
2017.08.29 20:09:50.759,0.69285,0.69303,1.00,1.50
2017.08.29 20:09:51.267,0.69285,0.69302,1.00,1.00
2017.08.29 20:10:00.209,0.69286,0.69302,1.00,1.00
2017.08.29 20:10:00.536,0.69289,0.69304,1.00,1.00
2017.08.29 20:10:03.731,0.69287,0.69304,1.00,1.00
2017.08.29 20:10:07.213,0.69287,0.69305,1.00,1.00
2017.08.29 20:10:07.415,0.69285,0.69303,1.00,1.00
2017.08.29 20:10:08.514,0.69286,0.69303,1.00,1.00
2017.08.29 20:10:10.517,0.69288,0.69303,1.00,1.00
2017.08.29 20:10:18.601,0.69287,0.69304,1.00,1.00
2017.08.29 20:10:20.511,0.69287,0.69305,1.00,1.00
2017.08.29 20:10:21.855,0.69287,0.69303,1.00,1.00
2017.08.29 20:10:30.546,0.69287,0.69304,1.00,1.00
2017.08.29 20:10:31.089,0.69288,0.69304,1.00,1.00
2017.08.29 20:10:37.988,0.69289,0.69304,1.00,1.00
2017.08.29 20:10:38.323,0.69287,0.69304,1.00,1.00
2017.08.29 20:10:39.295,0.69288,0.69304,1.00,1.00
2017.08.29 20:10:41.704,0.69289,0.69304,1.00,1.00
2017.08.29 20:10:42.227,0.6929,0.69304,1.00,1.00
2017.08.29 20:10:42.917,0.69289,0.69304,1.00,1.00
2017.08.29 20:10:50.376,0.69287,0.69302,1.00,1.00
2017.08.29 20:10:50.893,0.69288,0.69302,1.00,1.00
2017.08.29 20:10:52.324,0.69288,0.69303,1.00,1.00
2017.08.29 20:10:54.342,0.69289,0.69303,1.00,1.00
2017.08.29 20:10:54.644,0.6929,0.69305,1.00,1.00
2017.08.29 20:10:55.242,0.69291,0.69307,1.00,1.00
2017.08.29 20:10:59.020,0.69289,0.69307,1.00,1.50
2017.08.29 20:10:59.122,0.69288,0.69304,1.00,1.00
2017.08.29 20:11:02.398,0.69283,0.693,1.50,1.00
2017.08.29 20:11:03.056,0.69283,0.69299,1.12,1.00
2017.08.29 20:11:03.666,0.69282,0.69298,1.00,1.50
2017.08.29 20:11:04.219,0.69281,0.69298,1.00,1.00
2017.08.29 20:11:11.033,0.69281,0.69297,1.00,1.00
2017.08.29 20:11:22.627,0.69282,0.69297,1.00,1.00
2017.08.29 20:11:23.129,0.69281,0.69297,1.00,1.00
2017.08.29 20:11:23.703,0.69282,0.69297,1.00,1.00
2017.08.29 20:11:24.448,0.69281,0.69297,1.00,1.00
2017.08.29 20:11:43.978,0.69283,0.69297,1.00,1.00
2017.08.29 20:11:44.775,0.69282,0.69297,1.00,1.00
2017.08.29 20:11:45.437,0.69281,0.69297,1.00,1.00
2017.08.29 20:11:49.143,0.69282,0.69297,1.00,1.00
2017.08.29 20:11:49.727,0.69283,0.69297,1.00,1.00
2017.08.29 20:11:49.934,0.69283,0.69299,1.00,1.00
2017.08.29 20:11:49.986,0.69282,0.69297,1.00,1.00
2017.08.29 20:11:51.375,0.69281,0.69297,1.00,1.00
2017.08.29 20:11:52.037,0.69282,0.69297,1.00,1.00
2017.08.29 20:11:55.503,0.69282,0.69298,1.00,1.00
2017.08.29 20:11:56.332,0.69281,0.69298,1.00,1.00
2017.08.29 20:11:57.021,0.69281,0.69297,1.00,1.00
2017.08.29 20:11:57.271,0.69279,0.69297,1.00,1.00
2017.08.29 20:11:57.322,0.69276,0.69293,1.37,1.00
2017.08.29 20:11:58.081,0.69277,0.69292,1.00,1.00
2017.08.29 20:11:58.334,0.69275,0.69292,1.00,1.00
2017.08.29 20:11:59.005,0.69276,0.69292,1.00,1.00
2017.08.29 20:11:59.677,0.69276,0.69291,1.00,1.00
2017.08.29 20:12:00.834,0.69275,0.69292,1.00,1.00
2017.08.29 20:12:01.376,0.69276,0.69293,1.00,1.00
2017.08.29 20:12:01.892,0.69277,0.69293,1.00,1.50
2017.08.29 20:12:02.574,0.69276,0.69292,1.00,1.00
2017.08.29 20:12:03.261,0.69276,0.69291,1.00,1.00
2017.08.29 20:12:04.025,0.69275,0.69292,1.00,1.50
2017.08.29 20:12:04.920,0.69277,0.69292,1.00,1.50
2017.08.29 20:12:05.899,0.69275,0.69292,1.00,1.00
2017.08.29 20:12:08.709,0.69276,0.69292,1.00,1.00
2017.08.29 20:12:10.522,0.69275,0.69292,1.00,1.00
2017.08.29 20:12:11.169,0.69274,0.69292,1.00,1.50
2017.08.29 20:12:11.943,0.69276,0.69292,1.00,1.00
2017.08.29 20:12:12.481,0.69274,0.69292,1.00,1.50
2017.08.29 20:12:13.389,0.69276,0.69292,1.00,1.50
2017.08.29 20:12:13.939,0.69276,0.69291,1.00,1.00
2017.08.29 20:12:15.063,0.69268,0.69282,2.25,1.00
2017.08.29 20:12:15.114,0.69267,0.69282,1.37,1.00
2017.08.29 20:12:15.165,0.69263,0.69279,1.00,1.00
2017.08.29 20:12:15.267,0.69261,0.69276,1.12,1.00
2017.08.29 20:12:15.763,0.69261,0.69278,1.00,1.00
2017.08.29 20:12:16.278,0.69262,0.69277,1.00,1.00
2017.08.29 20:12:17.312,0.69261,0.69278,1.00,1.00
2017.08.29 20:12:17.975,0.69264,0.6928,1.00,1.00
2017.08.29 20:12:18.536,0.69263,0.6928,1.00,1.50
2017.08.29 20:12:19.241,0.69262,0.6928,1.00,1.50
2017.08.29 20:12:23.063,0.69264,0.69279,1.00,1.00
2017.08.29 20:12:23.627,0.69263,0.69279,1.00,1.00
2017.08.29 20:12:24.288,0.69262,0.69279,1.00,1.50
2017.08.29 20:12:25.069,0.69261,0.69279,1.00,1.50
2017.08.29 20:12:28.365,0.69261,0.69277,1.00,1.00
2017.08.29 20:12:29.175,0.69263,0.69277,1.00,1.00
2017.08.29 20:12:30.176,0.69262,0.69277,1.00,1.00
2017.08.29 20:12:32.036,0.6926,0.69277,1.00,1.00
2017.08.29 20:12:32.577,0.6926,0.69276,1.00,1.50
2017.08.29 20:12:33.724,0.69261,0.69276,1.00,1.00
2017.08.29 20:12:36.652,0.69259,0.69276,1.00,1.00
2017.08.29 20:12:37.216,0.69259,0.69277,1.00,1.50
2017.08.29 20:12:38.921,0.6926,0.69276,1.00,1.00
2017.08.29 20:12:39.079,0.69261,0.69278,1.00,1.00
2017.08.29 20:12:39.588,0.6926,0.69278,1.00,1.00
2017.08.29 20:12:40.597,0.69261,0.69278,1.00,1.00
2017.08.29 20:12:41.723,0.69258,0.69278,1.12,1.50
2017.08.29 20:12:41.774,0.69257,0.69274,1.37,1.00
2017.08.29 20:12:42.179,0.69256,0.69269,1.00,1.00
2017.08.29 20:12:42.341,0.69254,0.69269,1.00,1.00
2017.08.29 20:12:43.947,0.69255,0.69269,1.00,1.00
2017.08.29 20:12:44.516,0.69254,0.69269,1.00,1.00
2017.08.29 20:12:45.475,0.69255,0.69269,1.00,1.00
2017.08.29 20:12:47.057,0.69253,0.69269,1.00,1.00
2017.08.29 20:12:48.356,0.69254,0.69269,1.00,1.00
2017.08.29 20:12:50.576,0.69253,0.69269,1.00,1.00
2017.08.29 20:12:52.512,0.69255,0.69269,1.00,1.00
2017.08.29 20:12:58.315,0.69254,0.69269,1.00,1.00
2017.08.29 20:13:02.745,0.69253,0.69269,1.00,1.00
2017.08.29 20:13:10.599,0.69256,0.69269,1.00,1.00
2017.08.29 20:13:10.650,0.69252,0.69269,1.00,1.00
2017.08.29 20:13:12.257,0.6925,0.69267,1.00,1.00
2017.08.29 20:13:13.234,0.69252,0.69267,1.00,1.00
2017.08.29 20:13:13.621,0.69255,0.69269,1.00,1.00
2017.08.29 20:13:14.257,0.69254,0.69269,1.00,1.00
2017.08.29 20:13:15.850,0.69255,0.69269,1.00,1.00
2017.08.29 20:13:16.355,0.69256,0.6927,1.00,1.00
2017.08.29 20:13:19.812,0.69255,0.6927,1.00,1.00
2017.08.29 20:13:20.116,0.6926,0.69273,1.00,1.00
2017.08.29 20:13:20.417,0.69258,0.69273,1.00,1.00
2017.08.29 20:13:20.766,0.69258,0.69271,1.00,1.00
2017.08.29 20:13:23.945,0.6926,0.69271,1.00,1.00
2017.08.29 20:13:28.847,0.6926,0.69273,1.00,1.00
2017.08.29 20:13:30.251,0.69258,0.69273,1.00,1.00
2017.08.29 20:13:31.264,0.69258,0.69274,1.00,1.00
2017.08.29 20:13:31.315,0.6926,0.69274,1.00,1.00
2017.08.29 20:13:44.066,0.6926,0.69273,1.00,1.00
2017.08.29 20:13:44.875,0.6926,0.69274,1.00,1.00
2017.08.29 20:13:55.967,0.69258,0.69274,1.00,1.00
2017.08.29 20:14:00.466,0.69256,0.6927,1.00,1.00
2017.08.29 20:14:01.092,0.69255,0.6927,1.00,1.00
2017.08.29 20:14:01.821,0.69254,0.6927,1.00,1.00
2017.08.29 20:14:02.136,0.69252,0.69269,1.00,1.00
2017.08.29 20:14:02.238,0.69251,0.69264,1.00,1.00
2017.08.29 20:14:02.742,0.69251,0.69265,1.00,1.00
2017.08.29 20:14:10.452,0.6925,0.69265,1.00,1.00
2017.08.29 20:14:12.580,0.69251,0.69265,1.00,1.00
2017.08.29 20:14:16.930,0.6925,0.69265,1.00,1.00
2017.08.29 20:14:19.177,0.69245,0.69261,1.00,1.00
2017.08.29 20:14:19.530,0.69244,0.69259,1.00,1.00
2017.08.29 20:14:19.581,0.69242,0.69258,1.00,1.00
2017.08.29 20:14:22.241,0.69245,0.69258,1.00,1.00
2017.08.29 20:14:22.960,0.69245,0.69259,1.00,1.00
2017.08.29 20:14:23.619,0.69244,0.69259,1.00,1.00
2017.08.29 20:14:25.664,0.69244,0.6926,1.00,1.00
2017.08.29 20:14:25.998,0.69244,0.69258,1.00,1.00
2017.08.29 20:14:26.437,0.69244,0.6926,1.00,1.00
2017.08.29 20:14:27.897,0.69244,0.69257,1.00,1.00
2017.08.29 20:14:28.541,0.69244,0.69259,1.00,1.00
2017.08.29 20:14:30.142,0.69245,0.6926,1.00,1.00
2017.08.29 20:14:30.754,0.69245,0.69261,1.00,1.00
2017.08.29 20:14:32.238,0.69243,0.69261,1.00,1.00
2017.08.29 20:14:32.949,0.69243,0.6926,1.00,1.00
2017.08.29 20:14:38.583,0.69243,0.69261,1.00,1.50
2017.08.29 20:14:42.957,0.69243,0.69259,1.00,1.00
2017.08.29 20:14:54.083,0.69242,0.69259,1.00,1.00
2017.08.29 20:14:55.151,0.69242,0.6926,1.00,1.00
2017.08.29 20:14:57.174,0.69241,0.6926,1.00,1.00
2017.08.29 20:14:57.696,0.6924,0.69259,1.00,1.00
2017.08.29 20:15:00.382,0.69241,0.69258,1.00,1.00
2017.08.29 20:15:09.112,0.6924,0.69258,1.00,1.00
2017.08.29 20:15:24.044,0.69242,0.69259,1.00,1.00
2017.08.29 20:15:24.422,0.69244,0.69261,1.00,1.00
2017.08.29 20:15:24.954,0.69244,0.69259,1.00,1.00
2017.08.29 20:15:25.489,0.69244,0.6926,1.00,1.00
2017.08.29 20:15:32.420,0.69243,0.6926,1.00,1.00
2017.08.29 20:15:46.032,0.69242,0.6926,1.00,1.00
2017.08.29 20:15:52.276,0.69241,0.6926,1.00,1.00
2017.08.29 20:15:52.871,0.69242,0.6926,1.00,1.00
2017.08.29 20:16:02.654,0.69243,0.69262,1.00,1.00
2017.08.29 20:16:03.874,0.69245,0.69262,1.00,1.00
2017.08.29 20:16:04.476,0.69244,0.69262,1.00,1.00
2017.08.29 20:16:07.649,0.69243,0.69262,1.00,1.00
2017.08.29 20:16:10.085,0.69245,0.69262,1.00,1.00
2017.08.29 20:16:10.622,0.69243,0.69262,1.00,1.00
2017.08.29 20:16:10.673,0.69243,0.6926,1.00,1.00
2017.08.29 20:16:15.818,0.69242,0.6926,1.00,1.00
2017.08.29 20:16:19.599,0.69242,0.69261,1.00,1.00
2017.08.29 20:16:19.960,0.69242,0.69259,1.00,1.00
2017.08.29 20:16:20.504,0.69243,0.69259,1.00,1.00
2017.08.29 20:16:20.556,0.69237,0.69259,1.12,1.00
2017.08.29 20:16:20.607,0.69237,0.69256,1.12,1.00
2017.08.29 20:16:20.951,0.69237,0.69253,1.00,1.00
2017.08.29 20:16:24.302,0.69236,0.69253,1.00,1.00
2017.08.29 20:16:25.739,0.69238,0.69253,1.00,1.00
2017.08.29 20:16:25.790,0.69236,0.69253,1.00,1.00
2017.08.29 20:16:26.214,0.69236,0.69255,1.00,1.00
2017.08.29 20:16:26.740,0.69236,0.69254,1.00,1.00
2017.08.29 20:16:27.474,0.69235,0.69252,1.00,1.00
2017.08.29 20:16:27.991,0.69236,0.69252,1.00,1.00
2017.08.29 20:16:46.879,0.69237,0.69255,1.00,1.00
2017.08.29 20:16:46.930,0.69237,0.69253,1.00,1.00
2017.08.29 20:16:47.089,0.69235,0.69253,1.00,1.00
2017.08.29 20:16:57.317,0.69233,0.69253,1.00,1.00
2017.08.29 20:16:57.368,0.69236,0.69253,1.00,1.00
2017.08.29 20:16:57.937,0.69236,0.69254,1.00,1.00
2017.08.29 20:17:04.571,0.69235,0.69254,1.00,1.00
2017.08.29 20:17:06.537,0.69237,0.69254,1.00,1.50
2017.08.29 20:17:08.038,0.69237,0.69255,1.00,1.00
2017.08.29 20:17:08.139,0.69238,0.69257,1.00,1.50
2017.08.29 20:17:08.241,0.6924,0.69258,1.00,1.00
2017.08.29 20:17:08.395,0.69241,0.6926,1.00,1.50
2017.08.29 20:17:08.446,0.69242,0.69262,1.00,1.00
2017.08.29 20:17:08.497,0.69247,0.69263,1.00,1.00
2017.08.29 20:17:08.549,0.69243,0.69263,1.00,1.00
2017.08.29 20:17:09.515,0.69245,0.69263,1.00,1.00
2017.08.29 20:17:20.410,0.69245,0.69262,1.00,1.00
2017.08.29 20:17:20.993,0.6924,0.69259,1.00,1.00
2017.08.29 20:17:21.095,0.6924,0.69257,1.00,1.00
2017.08.29 20:17:21.616,0.6924,0.69258,1.00,1.00
2017.08.29 20:17:24.239,0.69243,0.6926,1.00,1.00
2017.08.29 20:17:24.790,0.69243,0.69261,1.00,1.00
2017.08.29 20:17:26.386,0.69243,0.69262,1.00,1.00
2017.08.29 20:17:28.343,0.69243,0.6926,1.00,1.00
2017.08.29 20:17:28.952,0.69243,0.69261,1.00,1.00
2017.08.29 20:17:29.482,0.69243,0.69262,1.00,1.00
2017.08.29 20:17:29.800,0.69243,0.6926,1.00,1.00
2017.08.29 20:17:31.316,0.69241,0.6926,1.00,1.00
2017.08.29 20:17:32.302,0.6924,0.6926,1.00,1.00
2017.08.29 20:17:32.911,0.6924,0.69261,1.00,1.00
2017.08.29 20:17:34.008,0.6924,0.69259,1.50,1.00
2017.08.29 20:17:34.785,0.69241,0.69262,1.00,1.00
2017.08.29 20:17:34.836,0.69243,0.69261,1.00,1.00
2017.08.29 20:18:12.307,0.69242,0.69263,1.50,1.00
2017.08.29 20:18:17.716,0.69243,0.69261,1.00,1.00
2017.08.29 20:18:18.037,0.69246,0.69265,1.00,1.12
2017.08.29 20:18:18.190,0.69247,0.69267,1.00,1.00
2017.08.29 20:18:19.719,0.69247,0.69265,1.00,1.00
2017.08.29 20:18:22.965,0.69247,0.69267,1.00,1.00
2017.08.29 20:18:26.398,0.6925,0.69267,1.00,1.00
2017.08.29 20:18:26.449,0.69247,0.69267,1.50,1.00
2017.08.29 20:18:28.578,0.69248,0.69267,1.00,1.00
2017.08.29 20:18:29.108,0.69249,0.69267,1.00,1.00
2017.08.29 20:18:31.684,0.69249,0.69268,1.00,1.00
2017.08.29 20:18:31.786,0.69249,0.69266,1.00,1.00
2017.08.29 20:18:32.408,0.69248,0.69266,1.50,1.00
2017.08.29 20:18:34.276,0.69248,0.69268,1.00,1.00
2017.08.29 20:18:35.235,0.69248,0.69267,1.00,1.00
2017.08.29 20:18:38.283,0.69248,0.69268,1.00,1.00
2017.08.29 20:18:38.798,0.69249,0.69268,1.00,1.00
2017.08.29 20:18:41.535,0.69249,0.69267,1.00,1.00
2017.08.29 20:18:43.417,0.69248,0.69267,1.00,1.00
2017.08.29 20:18:54.872,0.6925,0.69267,1.00,1.00
2017.08.29 20:18:56.887,0.69247,0.69267,1.50,1.00
2017.08.29 20:18:57.670,0.69247,0.69266,1.00,1.00
2017.08.29 20:19:11.596,0.69248,0.69266,1.00,1.00
2017.08.29 20:19:12.598,0.69247,0.69265,1.50,1.00
2017.08.29 20:19:32.865,0.69247,0.69267,1.00,1.00
2017.08.29 20:19:34.271,0.69248,0.69267,1.00,1.00
2017.08.29 20:19:34.969,0.69247,0.69267,1.00,1.00
2017.08.29 20:19:49.758,0.69245,0.69267,1.00,1.00
2017.08.29 20:19:50.358,0.69246,0.69267,1.00,1.00
2017.08.29 20:19:54.698,0.69246,0.69266,1.00,1.00
2017.08.29 20:19:55.306,0.69245,0.69267,1.00,1.00
2017.08.29 20:19:55.967,0.69246,0.69267,1.00,1.00
2017.08.29 20:19:58.060,0.69246,0.69266,1.00,1.00
2017.08.29 20:19:58.609,0.69245,0.69266,1.00,1.00
2017.08.29 20:20:04.179,0.69247,0.69265,1.00,1.00
2017.08.29 20:20:06.911,0.69245,0.69266,1.50,1.00
2017.08.29 20:20:11.422,0.69246,0.69266,1.00,1.00
2017.08.29 20:20:11.950,0.69246,0.69267,1.50,1.00
2017.08.29 20:20:15.011,0.69247,0.69267,1.00,1.00
2017.08.29 20:20:15.583,0.69246,0.69267,1.50,1.00
2017.08.29 20:20:16.242,0.69246,0.69266,1.50,1.00
2017.08.29 20:20:17.993,0.69247,0.69266,1.00,1.00
2017.08.29 20:20:19.076,0.69246,0.69266,1.00,1.00
2017.08.29 20:20:20.236,0.69243,0.69262,1.50,1.00
2017.08.29 20:20:20.388,0.69242,0.69261,1.00,1.00
2017.08.29 20:20:21.618,0.69242,0.6926,1.00,1.00
2017.08.29 20:20:21.669,0.6924,0.6926,1.00,1.50
2017.08.29 20:20:26.752,0.69241,0.6926,1.00,1.50
2017.08.29 20:20:28.782,0.69243,0.6926,1.00,1.50
2017.08.29 20:20:29.249,0.69247,0.69262,1.00,1.00
2017.08.29 20:20:39.140,0.69247,0.69261,1.00,1.00
2017.08.29 20:20:39.685,0.69248,0.69262,1.00,1.00
2017.08.29 20:20:40.136,0.69248,0.69264,1.00,1.00
2017.08.29 20:20:40.673,0.69248,0.69263,1.00,1.00
2017.08.29 20:20:45.436,0.69249,0.69265,1.00,1.00
2017.08.29 20:20:45.487,0.69251,0.69264,1.00,1.00
2017.08.29 20:20:46.466,0.69251,0.69263,1.00,1.00
2017.08.29 20:20:46.633,0.69251,0.69265,1.00,1.00
2017.08.29 20:20:48.241,0.69251,0.69264,1.00,1.00
2017.08.29 20:20:50.480,0.69251,0.69265,1.00,1.00
2017.08.29 20:20:51.013,0.69251,0.69264,1.00,1.00
2017.08.29 20:20:51.477,0.6925,0.69262,1.00,1.00
2017.08.29 20:20:52.939,0.69249,0.69262,1.00,1.00
2017.08.29 20:21:02.239,0.69249,0.69263,1.00,1.00
2017.08.29 20:21:02.948,0.69249,0.69262,1.00,1.00
2017.08.29 20:21:04.252,0.69249,0.69264,1.00,1.00
2017.08.29 20:21:08.735,0.6925,0.69264,1.00,1.00
2017.08.29 20:21:09.387,0.69249,0.69263,1.00,1.00
2017.08.29 20:21:10.538,0.6925,0.69263,1.00,1.00
2017.08.29 20:21:10.590,0.69253,0.69267,1.00,1.00
2017.08.29 20:21:10.641,0.69254,0.69269,1.00,1.00
2017.08.29 20:21:10.917,0.69257,0.6927,1.00,1.00
2017.08.29 20:21:11.189,0.69257,0.69272,1.00,1.00
2017.08.29 20:21:11.291,0.69257,0.69274,1.00,1.00
2017.08.29 20:21:11.471,0.69257,0.69271,1.00,1.00
2017.08.29 20:21:12.283,0.69257,0.69272,1.00,1.00
2017.08.29 20:21:14.098,0.69257,0.69274,1.00,1.00
2017.08.29 20:21:14.745,0.69257,0.69275,1.00,1.00
2017.08.29 20:21:15.415,0.69257,0.69274,1.00,1.00
2017.08.29 20:21:15.674,0.69257,0.69272,1.00,1.00
2017.08.29 20:21:17.069,0.69256,0.6927,1.00,1.00
2017.08.29 20:21:18.210,0.69257,0.69272,1.00,1.00
2017.08.29 20:21:18.261,0.69256,0.69269,1.00,1.00
2017.08.29 20:21:20.086,0.69256,0.69271,1.00,1.00
2017.08.29 20:21:21.128,0.69258,0.69274,1.00,1.00
2017.08.29 20:21:21.377,0.6926,0.69275,1.00,1.00
2017.08.29 20:21:21.800,0.69262,0.69275,1.00,1.00
2017.08.29 20:21:22.793,0.69262,0.69277,1.00,1.00
2017.08.29 20:21:23.793,0.69262,0.69275,1.00,1.00
2017.08.29 20:21:26.359,0.69262,0.69276,1.00,1.00
2017.08.29 20:21:39.384,0.6926,0.69276,1.00,1.00
2017.08.29 20:21:39.521,0.69262,0.69276,1.00,1.00
2017.08.29 20:21:40.042,0.69262,0.69277,1.00,1.00
2017.08.29 20:21:48.432,0.69262,0.69276,1.00,1.00
2017.08.29 20:21:50.037,0.69262,0.69279,1.00,1.00
2017.08.29 20:21:50.088,0.69264,0.69279,1.00,1.00
2017.08.29 20:21:50.189,0.69265,0.69281,1.00,1.00
2017.08.29 20:21:50.291,0.69268,0.69283,1.00,1.00
2017.08.29 20:21:50.622,0.69273,0.69287,1.00,1.00
2017.08.29 20:21:51.127,0.69273,0.69288,1.00,1.00
2017.08.29 20:21:51.178,0.69274,0.6929,1.00,1.00
2017.08.29 20:21:51.711,0.69276,0.69291,1.00,1.00
2017.08.29 20:21:56.941,0.69276,0.69289,1.00,1.00
2017.08.29 20:21:58.822,0.69275,0.69289,1.00,1.00
2017.08.29 20:22:01.266,0.69275,0.6929,1.00,1.00
2017.08.29 20:22:05.416,0.69275,0.69291,1.00,1.00
2017.08.29 20:22:05.810,0.69276,0.69289,1.00,1.00
2017.08.29 20:22:20.394,0.69274,0.69289,1.00,1.00
2017.08.29 20:22:20.962,0.69274,0.69288,1.00,1.00
2017.08.29 20:22:24.573,0.69274,0.69292,1.00,1.00
2017.08.29 20:22:24.624,0.69278,0.69292,1.00,1.00
2017.08.29 20:22:24.928,0.69283,0.69296,1.00,1.00
2017.08.29 20:22:25.472,0.69282,0.69296,1.00,1.00
2017.08.29 20:22:26.875,0.69282,0.69297,1.00,1.00
2017.08.29 20:22:36.399,0.69281,0.69297,1.00,1.00
2017.08.29 20:22:37.011,0.69281,0.69296,1.00,1.00
2017.08.29 20:22:39.163,0.69281,0.69297,1.00,1.00
2017.08.29 20:22:39.982,0.6928,0.69297,1.00,1.00
2017.08.29 20:22:42.022,0.6928,0.69296,1.00,1.00
2017.08.29 20:22:48.290,0.69279,0.69296,1.00,1.00
2017.08.29 20:22:53.106,0.69279,0.69295,1.00,1.00
2017.08.29 20:22:58.482,0.69279,0.69294,1.00,1.00
2017.08.29 20:22:59.468,0.69278,0.69294,1.00,1.00
2017.08.29 20:23:00.730,0.69278,0.69292,1.00,1.00
2017.08.29 20:23:01.657,0.69278,0.69293,1.00,1.00
2017.08.29 20:23:02.633,0.69275,0.69289,1.00,1.00
2017.08.29 20:23:03.154,0.69274,0.69289,1.00,1.00
2017.08.29 20:23:03.984,0.69274,0.69291,1.00,1.00
2017.08.29 20:23:04.100,0.69274,0.69289,1.00,1.00
2017.08.29 20:23:04.613,0.69276,0.69289,1.00,1.00
2017.08.29 20:23:04.937,0.69276,0.69292,1.00,1.00
2017.08.29 20:23:05.241,0.69277,0.69294,1.00,1.00
2017.08.29 20:23:05.750,0.69279,0.69295,1.00,1.00
2017.08.29 20:23:08.159,0.69278,0.69293,1.00,1.00
2017.08.29 20:23:09.049,0.69278,0.69294,1.00,1.00
2017.08.29 20:23:10.922,0.69278,0.69293,1.00,1.00
2017.08.29 20:23:12.024,0.69278,0.69294,1.00,1.00
2017.08.29 20:23:12.706,0.69278,0.69295,1.00,1.00
2017.08.29 20:23:13.794,0.69278,0.69294,1.00,1.00
2017.08.29 20:23:14.660,0.69278,0.69295,1.00,1.00
2017.08.29 20:23:15.507,0.69278,0.69292,1.00,1.00
2017.08.29 20:23:15.558,0.69276,0.69294,1.00,1.00
2017.08.29 20:23:15.609,0.69276,0.69292,1.00,1.00
2017.08.29 20:23:15.915,0.69278,0.69291,1.00,1.00
2017.08.29 20:23:16.015,0.69278,0.69293,1.00,1.00
2017.08.29 20:23:16.602,0.6928,0.69297,1.00,1.00
2017.08.29 20:23:16.703,0.69283,0.69297,1.00,1.00
2017.08.29 20:23:17.204,0.69283,0.69298,1.00,1.00
2017.08.29 20:23:17.952,0.69285,0.69298,1.00,1.00
2017.08.29 20:23:18.003,0.69283,0.69298,1.00,1.00
2017.08.29 20:23:18.104,0.69283,0.69301,1.00,1.00
2017.08.29 20:23:19.097,0.69283,0.693,1.00,1.00
2017.08.29 20:23:20.327,0.69283,0.69299,1.00,1.00
2017.08.29 20:23:23.109,0.69283,0.69298,1.00,1.00
2017.08.29 20:23:27.922,0.69283,0.69299,1.00,1.00
2017.08.29 20:23:31.459,0.69287,0.69304,1.00,1.00
2017.08.29 20:23:31.560,0.6929,0.69305,1.00,1.00
2017.08.29 20:23:32.473,0.6929,0.69306,1.00,1.00
2017.08.29 20:23:34.023,0.69291,0.69308,1.00,1.00
2017.08.29 20:23:34.074,0.69293,0.69308,1.00,1.00
2017.08.29 20:23:34.125,0.69291,0.69308,1.00,1.00
2017.08.29 20:23:34.657,0.69293,0.69309,1.00,1.00
2017.08.29 20:23:35.203,0.69293,0.6931,1.00,1.00
2017.08.29 20:23:35.759,0.69293,0.69311,1.00,1.00
2017.08.29 20:23:36.976,0.69293,0.6931,1.00,1.00
2017.08.29 20:23:37.754,0.69294,0.69311,1.00,1.00
2017.08.29 20:23:39.386,0.69295,0.69311,1.00,1.00
2017.08.29 20:23:42.096,0.69296,0.69311,1.00,1.00
2017.08.29 20:23:42.974,0.69295,0.69311,1.00,1.00
2017.08.29 20:23:43.704,0.69295,0.69312,1.00,1.00
2017.08.29 20:23:44.364,0.69295,0.69311,1.00,1.00
2017.08.29 20:23:44.951,0.69295,0.69312,1.00,1.00
2017.08.29 20:23:50.953,0.69295,0.69311,1.00,1.00
2017.08.29 20:23:51.985,0.69295,0.6931,1.00,1.00
2017.08.29 20:23:52.936,0.69295,0.69312,1.00,1.00
2017.08.29 20:23:53.441,0.69296,0.69311,1.00,1.00
2017.08.29 20:23:57.172,0.69296,0.6931,1.00,1.00
2017.08.29 20:23:59.763,0.69297,0.69311,1.00,1.00
2017.08.29 20:23:59.814,0.69298,0.69313,1.00,1.00
2017.08.29 20:23:59.966,0.69301,0.69314,1.00,1.00
2017.08.29 20:24:00.423,0.69301,0.69318,1.00,1.00
2017.08.29 20:24:01.481,0.69301,0.69317,1.00,1.00
2017.08.29 20:24:05.501,0.69301,0.69316,1.00,1.00
2017.08.29 20:24:06.009,0.69301,0.69317,1.00,1.00
2017.08.29 20:24:11.189,0.69301,0.69315,1.00,1.00
2017.08.29 20:24:12.083,0.69301,0.69316,1.00,1.00
2017.08.29 20:24:12.593,0.69301,0.69317,1.00,1.00
2017.08.29 20:24:18.133,0.693,0.69314,1.00,1.00
2017.08.29 20:24:18.285,0.693,0.69317,1.00,1.00
2017.08.29 20:24:19.051,0.69301,0.69317,1.00,1.00
2017.08.29 20:24:19.566,0.69301,0.69318,1.00,1.00
2017.08.29 20:24:20.410,0.69302,0.69318,1.00,1.00
2017.08.29 20:24:20.948,0.69303,0.69319,1.00,1.00
2017.08.29 20:24:21.558,0.69303,0.69318,1.00,1.00
2017.08.29 20:24:22.459,0.69303,0.69317,1.00,1.00
2017.08.29 20:24:24.097,0.69303,0.69318,1.00,1.00
2017.08.29 20:24:24.843,0.69301,0.69317,1.00,1.00
2017.08.29 20:24:26.093,0.69303,0.69318,1.00,1.00
2017.08.29 20:24:26.490,0.69305,0.69318,1.00,1.00
2017.08.29 20:24:27.216,0.69305,0.69321,1.00,1.37
2017.08.29 20:24:29.093,0.69305,0.69321,1.00,1.12
2017.08.29 20:24:31.421,0.69306,0.69322,1.00,1.37
2017.08.29 20:24:31.685,0.69308,0.69323,1.00,1.37
2017.08.29 20:24:31.737,0.69308,0.69323,1.00,1.00
2017.08.29 20:24:32.053,0.69309,0.69326,1.00,1.00
2017.08.29 20:24:32.847,0.6931,0.69325,1.00,1.00
2017.08.29 20:24:35.311,0.6931,0.69327,1.00,1.00
2017.08.29 20:24:35.439,0.6931,0.69329,1.00,1.12
2017.08.29 20:24:35.966,0.69311,0.69328,1.00,1.00
2017.08.29 20:24:36.097,0.69311,0.69325,1.00,1.00
2017.08.29 20:24:37.900,0.69313,0.69325,1.00,1.00
2017.08.29 20:24:37.951,0.69311,0.69327,1.00,1.00
2017.08.29 20:24:38.907,0.69311,0.69326,1.00,1.00
2017.08.29 20:24:39.500,0.69311,0.69328,1.00,1.00
2017.08.29 20:24:41.970,0.69311,0.69327,1.00,1.00
2017.08.29 20:24:42.780,0.6931,0.69326,1.00,1.00
2017.08.29 20:24:57.291,0.6931,0.69325,1.00,1.00
2017.08.29 20:25:01.229,0.6931,0.69324,1.00,1.00
2017.08.29 20:25:01.756,0.6931,0.69323,1.00,1.00
2017.08.29 20:25:01.825,0.6931,0.69325,1.00,1.00
2017.08.29 20:25:01.885,0.6931,0.69322,1.00,1.00
2017.08.29 20:25:01.956,0.6931,0.69325,1.00,1.00
2017.08.29 20:25:02.227,0.6931,0.69323,1.00,1.00
2017.08.29 20:25:02.660,0.6931,0.69325,1.00,1.00
2017.08.29 20:25:02.769,0.6931,0.69323,1.00,1.00
2017.08.29 20:25:02.881,0.6931,0.69325,1.00,1.00
2017.08.29 20:25:02.941,0.6931,0.69322,1.00,1.00
2017.08.29 20:25:03.083,0.6931,0.69325,1.00,1.00
2017.08.29 20:25:03.229,0.6931,0.69323,1.00,1.00
2017.08.29 20:25:03.779,0.69309,0.69324,1.00,1.00
2017.08.29 20:25:04.369,0.69309,0.69325,1.00,1.00
2017.08.29 20:25:04.720,0.69309,0.69323,1.00,1.00
2017.08.29 20:25:04.771,0.69309,0.69325,1.00,1.00
2017.08.29 20:25:04.822,0.69309,0.69323,1.00,1.00
2017.08.29 20:25:05.285,0.69309,0.69325,1.00,1.00
2017.08.29 20:25:05.810,0.69309,0.69324,1.00,1.00
2017.08.29 20:25:15.371,0.6931,0.69326,1.00,1.00
2017.08.29 20:25:16.147,0.6931,0.69325,1.00,1.00
2017.08.29 20:25:16.972,0.6931,0.69324,1.00,1.00
2017.08.29 20:25:20.894,0.6931,0.69322,1.00,1.00
2017.08.29 20:25:20.945,0.69308,0.69322,1.00,1.00
2017.08.29 20:25:20.996,0.69307,0.6932,1.00,1.00
2017.08.29 20:25:21.515,0.69306,0.69321,1.00,1.00
2017.08.29 20:25:22.397,0.69306,0.6932,1.00,1.00
2017.08.29 20:25:22.909,0.69306,0.69321,1.00,1.00
2017.08.29 20:25:23.219,0.69305,0.69318,1.00,1.00
2017.08.29 20:25:23.270,0.69303,0.69318,1.00,1.00
2017.08.29 20:25:24.005,0.69303,0.69317,1.00,1.00
2017.08.29 20:25:24.056,0.69302,0.69319,1.00,1.00
2017.08.29 20:25:24.211,0.69302,0.69321,1.00,1.12
2017.08.29 20:25:24.262,0.69308,0.69322,1.00,1.12
2017.08.29 20:25:24.732,0.69309,0.69324,1.00,1.12
2017.08.29 20:25:25.273,0.6931,0.69324,1.00,1.12
2017.08.29 20:25:25.937,0.6931,0.69322,1.00,1.00
2017.08.29 20:25:25.995,0.6931,0.69324,1.00,1.12
2017.08.29 20:25:26.547,0.6931,0.69323,1.00,1.00
2017.08.29 20:25:27.050,0.69308,0.69323,1.00,1.00
2017.08.29 20:25:27.235,0.6931,0.69325,1.00,1.12
2017.08.29 20:25:28.047,0.69311,0.69325,1.00,1.12
2017.08.29 20:25:31.177,0.69309,0.69323,1.00,1.00
2017.08.29 20:25:31.551,0.69308,0.69321,1.00,1.00
2017.08.29 20:25:32.661,0.69308,0.69323,1.00,1.00
2017.08.29 20:25:33.662,0.69308,0.69322,1.00,1.00
2017.08.29 20:25:35.638,0.69308,0.69324,1.00,1.00
2017.08.29 20:25:38.087,0.69308,0.69323,1.00,1.00
2017.08.29 20:25:49.529,0.69307,0.69323,1.00,1.00
2017.08.29 20:25:49.844,0.69305,0.69321,1.00,1.00
2017.08.29 20:25:50.224,0.69301,0.69317,1.00,1.00
2017.08.29 20:25:50.536,0.69298,0.69313,1.00,1.00
2017.08.29 20:26:00.549,0.69298,0.69314,1.00,1.00
2017.08.29 20:26:02.547,0.69298,0.69313,1.00,1.00
2017.08.29 20:26:05.767,0.69297,0.69313,1.00,1.00
2017.08.29 20:26:06.268,0.69298,0.69313,1.00,1.00
2017.08.29 20:26:06.773,0.69298,0.69312,1.00,1.00
2017.08.29 20:26:09.247,0.69297,0.69312,1.00,1.00
2017.08.29 20:26:10.677,0.69297,0.69311,1.00,1.00
2017.08.29 20:26:11.203,0.69296,0.69311,1.00,1.00
2017.08.29 20:26:11.685,0.69296,0.69309,1.00,1.00
2017.08.29 20:26:12.207,0.69295,0.69309,1.00,1.00
2017.08.29 20:26:12.940,0.69295,0.69311,1.00,1.00
2017.08.29 20:26:16.424,0.69295,0.6931,1.00,1.00
2017.08.29 20:26:17.112,0.69295,0.69309,1.00,1.00
2017.08.29 20:26:21.786,0.69295,0.6931,1.00,1.00
2017.08.29 20:26:22.392,0.69296,0.6931,1.00,1.00
2017.08.29 20:26:23.122,0.69296,0.69309,1.00,1.00
2017.08.29 20:26:25.127,0.69295,0.69309,1.00,1.00
2017.08.29 20:26:25.228,0.69289,0.69307,1.00,1.00
2017.08.29 20:26:27.466,0.69291,0.69307,1.00,1.00
2017.08.29 20:26:28.549,0.69292,0.69307,1.00,1.00
2017.08.29 20:26:29.892,0.69291,0.69309,1.00,1.00
2017.08.29 20:26:30.670,0.69293,0.69309,1.00,1.00
2017.08.29 20:26:31.916,0.69293,0.69308,1.00,1.00
2017.08.29 20:26:37.877,0.69293,0.69309,1.00,1.50
2017.08.29 20:26:38.408,0.69293,0.69308,1.00,1.00
2017.08.29 20:26:40.491,0.69291,0.69308,1.00,1.00
2017.08.29 20:26:41.091,0.69291,0.69309,1.00,1.00
2017.08.29 20:26:42.495,0.69293,0.69309,1.00,1.00
2017.08.29 20:26:46.037,0.69293,0.69307,1.00,1.00
2017.08.29 20:26:46.088,0.6929,0.69305,1.00,1.00
2017.08.29 20:26:46.190,0.69291,0.69309,1.00,1.00
2017.08.29 20:26:48.295,0.69292,0.69309,1.00,1.00
2017.08.29 20:26:48.764,0.69292,0.69307,1.00,1.00
2017.08.29 20:26:48.962,0.69289,0.69307,1.00,1.50
2017.08.29 20:26:49.013,0.69292,0.69307,1.00,1.00
2017.08.29 20:26:49.599,0.69293,0.69308,1.00,1.00
2017.08.29 20:26:50.186,0.69292,0.69308,1.00,1.00
2017.08.29 20:26:50.740,0.69293,0.69309,1.00,1.00
2017.08.29 20:26:51.260,0.69293,0.6931,1.00,1.00
2017.08.29 20:26:52.194,0.69294,0.6931,1.00,1.00
2017.08.29 20:27:06.176,0.69294,0.69309,1.00,1.00
2017.08.29 20:27:07.174,0.69294,0.6931,1.00,1.00
2017.08.29 20:27:12.676,0.69294,0.69309,1.00,1.00
2017.08.29 20:27:13.197,0.69293,0.69309,1.00,1.00
2017.08.29 20:27:17.970,0.69291,0.69309,1.00,1.00
2017.08.29 20:27:18.504,0.69291,0.6931,1.00,1.50
2017.08.29 20:27:20.799,0.69289,0.6931,1.00,1.50
2017.08.29 20:27:27.189,0.69289,0.69309,1.00,1.00
2017.08.29 20:27:28.371,0.69287,0.69309,1.00,1.50
2017.08.29 20:27:28.574,0.69289,0.69309,1.00,1.50
2017.08.29 20:27:28.675,0.69287,0.69309,1.00,1.50
2017.08.29 20:27:29.233,0.69288,0.69309,1.00,1.50
2017.08.29 20:27:31.367,0.69287,0.69309,1.00,1.50
2017.08.29 20:27:32.037,0.69288,0.69308,1.00,1.00
2017.08.29 20:27:33.825,0.69287,0.69308,1.00,1.00
2017.08.29 20:27:34.793,0.69286,0.69308,1.00,1.50
2017.08.29 20:27:35.336,0.69287,0.69308,1.00,1.50
2017.08.29 20:27:38.062,0.69288,0.69308,1.00,1.00
2017.08.29 20:27:49.137,0.69289,0.69308,1.00,1.00
2017.08.29 20:27:49.905,0.69289,0.69309,1.00,1.00
2017.08.29 20:27:51.684,0.69289,0.69308,1.00,1.00
2017.08.29 20:27:52.935,0.6929,0.69308,1.00,1.50
2017.08.29 20:27:53.933,0.69287,0.69308,1.00,1.50
2017.08.29 20:27:55.649,0.69288,0.69308,1.00,1.50
2017.08.29 20:27:57.958,0.69289,0.69308,1.00,1.50
2017.08.29 20:28:10.565,0.69287,0.69308,1.00,1.50
2017.08.29 20:28:17.599,0.69288,0.69308,1.00,1.00
2017.08.29 20:28:17.929,0.6929,0.69308,1.00,1.00
2017.08.29 20:28:18.137,0.69291,0.6931,1.00,1.00
2017.08.29 20:28:18.870,0.69291,0.69311,1.00,1.00
2017.08.29 20:28:19.324,0.69293,0.69311,1.00,1.00
2017.08.29 20:28:22.520,0.69293,0.69312,1.00,1.00
2017.08.29 20:28:51.601,0.69293,0.69313,1.00,1.00
2017.08.29 20:28:54.256,0.69293,0.69311,1.00,1.00
2017.08.29 20:28:55.432,0.69293,0.69313,1.00,1.00
2017.08.29 20:29:00.670,0.69294,0.69314,1.00,1.00
2017.08.29 20:29:01.224,0.69294,0.69315,1.00,1.00
2017.08.29 20:29:01.426,0.69297,0.69316,1.00,1.00
2017.08.29 20:29:02.124,0.69298,0.69316,1.00,1.00
2017.08.29 20:29:02.786,0.69299,0.69316,1.00,1.00
2017.08.29 20:29:03.325,0.69298,0.69317,1.00,1.00
2017.08.29 20:29:04.092,0.69299,0.69317,1.00,1.00
2017.08.29 20:29:04.639,0.693,0.69317,1.00,1.00
2017.08.29 20:29:05.444,0.69301,0.69317,1.00,1.00
2017.08.29 20:29:06.010,0.69298,0.69317,1.00,1.00
2017.08.29 20:29:06.655,0.69298,0.69318,1.00,1.00
2017.08.29 20:29:07.408,0.69299,0.69317,1.00,1.00
2017.08.29 20:29:08.169,0.69297,0.69317,1.00,1.00
2017.08.29 20:29:08.729,0.69298,0.69316,1.00,1.00
2017.08.29 20:29:09.239,0.69295,0.69314,1.00,1.00
2017.08.29 20:29:10.791,0.69294,0.69314,1.00,1.00
2017.08.29 20:29:11.378,0.69294,0.69313,1.00,1.00
2017.08.29 20:29:11.961,0.69293,0.69313,1.00,1.00
2017.08.29 20:29:12.464,0.69294,0.69314,1.00,1.50
2017.08.29 20:29:13.165,0.69293,0.69314,1.00,1.50
2017.08.29 20:29:14.664,0.69293,0.69312,1.00,1.00
2017.08.29 20:29:14.917,0.69291,0.69311,1.00,1.50
2017.08.29 20:29:15.221,0.69293,0.69312,1.00,1.00
2017.08.29 20:29:15.365,0.69294,0.69314,1.00,1.50
2017.08.29 20:29:16.775,0.69294,0.69315,1.00,1.00
2017.08.29 20:29:17.069,0.69296,0.69315,1.00,1.00
2017.08.29 20:29:17.978,0.69297,0.69315,1.00,1.00
2017.08.29 20:29:19.138,0.69297,0.69316,1.00,1.00
2017.08.29 20:29:19.480,0.69299,0.69317,1.00,1.00
2017.08.29 20:29:20.434,0.69298,0.69317,1.00,1.00
2017.08.29 20:29:21.199,0.69298,0.69319,1.00,1.00
2017.08.29 20:29:22.594,0.69299,0.69319,1.00,1.00
2017.08.29 20:29:23.148,0.693,0.69319,1.00,1.00
2017.08.29 20:29:23.912,0.69301,0.69319,1.00,1.00
2017.08.29 20:29:24.199,0.69301,0.69321,1.00,1.00
2017.08.29 20:29:24.772,0.69302,0.69321,1.00,1.00
2017.08.29 20:29:25.280,0.69303,0.69321,1.00,1.00
2017.08.29 20:29:27.685,0.69302,0.69321,1.00,1.00
2017.08.29 20:29:28.654,0.69301,0.6932,1.00,1.00
2017.08.29 20:29:29.616,0.693,0.6932,1.00,1.00
2017.08.29 20:29:31.199,0.69299,0.69319,1.00,1.00
2017.08.29 20:29:32.199,0.69299,0.6932,1.00,1.50
2017.08.29 20:29:32.808,0.693,0.6932,1.00,1.00
2017.08.29 20:29:32.954,0.69298,0.69319,1.00,1.00
2017.08.29 20:29:33.987,0.69299,0.69317,1.00,1.00
2017.08.29 20:29:34.038,0.69296,0.69317,1.00,1.50
2017.08.29 20:29:34.139,0.69298,0.69317,1.00,1.00
2017.08.29 20:29:41.007,0.69297,0.69317,1.00,1.00
2017.08.29 20:29:41.277,0.69294,0.69316,1.00,1.50
2017.08.29 20:29:41.546,0.69295,0.69314,1.00,1.00
2017.08.29 20:29:42.254,0.69293,0.69314,1.00,1.00
2017.08.29 20:29:45.301,0.69295,0.69314,1.00,1.50
2017.08.29 20:29:48.480,0.69293,0.69312,1.00,1.00
2017.08.29 20:29:48.995,0.69294,0.69313,1.00,1.50
2017.08.29 20:29:49.787,0.69293,0.69313,1.00,1.00
2017.08.29 20:29:50.324,0.69294,0.69314,1.00,1.00
2017.08.29 20:29:50.677,0.69293,0.69312,1.00,1.00
2017.08.29 20:29:51.218,0.69294,0.69312,1.00,1.00
2017.08.29 20:29:52.174,0.69293,0.69312,1.00,1.00
2017.08.29 20:29:55.881,0.69292,0.69312,1.00,1.00
2017.08.29 20:29:57.486,0.69294,0.69312,1.00,1.50
2017.08.29 20:29:58.493,0.69292,0.69312,1.00,1.00
2017.08.29 20:30:01.435,0.69291,0.69312,1.00,1.50
2017.08.29 20:30:02.699,0.69292,0.69313,1.00,1.00
2017.08.29 20:30:03.433,0.69293,0.69313,1.00,1.00
2017.08.29 20:30:03.945,0.69292,0.69313,1.00,1.00
2017.08.29 20:30:03.996,0.69294,0.69313,1.00,1.50
2017.08.29 20:30:04.694,0.69293,0.69313,1.00,1.00
2017.08.29 20:30:05.010,0.69291,0.69311,1.00,1.00
2017.08.29 20:30:05.482,0.69294,0.69311,1.00,1.00
2017.08.29 20:30:05.583,0.69295,0.69313,1.00,1.00
2017.08.29 20:30:11.015,0.69294,0.69313,1.00,1.00
2017.08.29 20:30:12.919,0.69295,0.69313,1.00,1.00
2017.08.29 20:30:17.919,0.69295,0.69314,1.00,1.00
2017.08.29 20:30:18.681,0.69296,0.69314,1.00,1.00
2017.08.29 20:30:21.081,0.69297,0.69314,1.00,1.00
2017.08.29 20:30:23.211,0.69296,0.69312,1.00,1.00
2017.08.29 20:30:23.262,0.69293,0.6931,1.00,1.00
2017.08.29 20:30:23.313,0.69295,0.69313,1.00,1.00
2017.08.29 20:30:26.340,0.69295,0.69312,1.00,1.00
2017.08.29 20:30:27.949,0.69296,0.69313,1.00,1.50
2017.08.29 20:30:30.136,0.69296,0.69312,1.00,1.00
2017.08.29 20:30:31.844,0.69294,0.69312,1.00,1.00
2017.08.29 20:30:33.017,0.69296,0.69312,1.00,1.00
2017.08.29 20:30:34.895,0.69296,0.69313,1.00,1.50
2017.08.29 20:30:35.569,0.69294,0.69313,1.00,1.00
2017.08.29 20:30:39.465,0.69296,0.69313,1.00,1.50
2017.08.29 20:30:40.628,0.69295,0.69313,1.00,1.00
2017.08.29 20:30:41.261,0.69294,0.69312,1.00,1.00
2017.08.29 20:30:41.782,0.69295,0.69312,1.00,1.00
2017.08.29 20:30:42.979,0.69294,0.69312,1.00,1.00
2017.08.29 20:30:51.113,0.69295,0.69312,1.00,1.00
2017.08.29 20:30:51.650,0.69297,0.69312,1.00,1.00
2017.08.29 20:30:52.595,0.69296,0.69312,1.00,1.00
2017.08.29 20:30:54.542,0.69293,0.69312,1.00,1.00
2017.08.29 20:30:55.199,0.69295,0.69312,1.00,1.50
2017.08.29 20:30:56.005,0.69294,0.69312,1.00,1.50
2017.08.29 20:31:00.127,0.69296,0.69312,1.00,1.00
2017.08.29 20:31:00.644,0.69296,0.69313,1.00,1.00
2017.08.29 20:31:05.869,0.69295,0.69315,1.00,1.00
2017.08.29 20:31:05.971,0.69297,0.69315,1.00,1.00
2017.08.29 20:31:06.598,0.69296,0.69315,1.00,1.00
2017.08.29 20:31:07.259,0.69296,0.69316,1.00,1.00
2017.08.29 20:31:13.039,0.69295,0.69315,1.00,1.00
2017.08.29 20:31:27.586,0.69295,0.69314,1.00,1.00
2017.08.29 20:31:28.107,0.69296,0.69315,1.00,1.00
2017.08.29 20:31:28.715,0.69296,0.69316,1.00,1.00
2017.08.29 20:31:29.263,0.69296,0.69315,1.00,1.00
2017.08.29 20:31:41.476,0.69296,0.69314,1.00,1.00
2017.08.29 20:31:41.577,0.69294,0.69315,1.00,1.00
2017.08.29 20:31:42.443,0.69296,0.69314,1.00,1.00
2017.08.29 20:31:44.445,0.69295,0.69313,1.00,1.00
2017.08.29 20:31:48.343,0.69294,0.69313,1.00,1.00
2017.08.29 20:31:48.851,0.69293,0.69312,1.00,1.00
2017.08.29 20:31:51.042,0.69292,0.69312,1.00,1.00
2017.08.29 20:31:58.808,0.69294,0.69314,1.00,1.50
2017.08.29 20:31:59.459,0.69295,0.69314,1.00,1.50
2017.08.29 20:32:16.243,0.69295,0.69313,1.00,1.00
2017.08.29 20:32:18.227,0.69294,0.69313,1.00,1.50
2017.08.29 20:32:22.143,0.69296,0.69313,1.00,1.50
2017.08.29 20:32:23.934,0.69296,0.69314,1.00,1.00
2017.08.29 20:32:24.501,0.69295,0.69314,1.00,1.50
2017.08.29 20:32:26.969,0.69294,0.69312,1.00,1.00
2017.08.29 20:32:29.154,0.69294,0.69311,1.00,1.00
2017.08.29 20:32:32.947,0.69294,0.6931,1.00,1.00
2017.08.29 20:32:36.761,0.69293,0.69312,1.00,1.00
2017.08.29 20:32:39.781,0.69292,0.69312,1.00,1.00
2017.08.29 20:32:42.009,0.69291,0.69311,1.00,1.00
2017.08.29 20:32:42.966,0.69293,0.69311,1.00,1.00
2017.08.29 20:32:53.509,0.69293,0.69312,1.00,1.00
2017.08.29 20:32:58.148,0.69293,0.69311,1.00,1.00
2017.08.29 20:33:02.541,0.69292,0.69311,1.00,1.00
2017.08.29 20:33:02.997,0.69294,0.69312,1.00,1.00
2017.08.29 20:33:29.657,0.6929,0.69309,1.00,1.00
2017.08.29 20:33:30.664,0.69289,0.69309,1.00,1.00
2017.08.29 20:33:30.807,0.69291,0.69308,1.00,1.00
2017.08.29 20:33:31.485,0.69289,0.69309,1.00,1.00
2017.08.29 20:33:36.566,0.69289,0.69308,1.00,1.00
2017.08.29 20:33:36.780,0.69291,0.69307,1.00,1.00
2017.08.29 20:33:38.199,0.69289,0.69308,1.00,1.00
2017.08.29 20:33:38.772,0.69288,0.69307,1.00,1.00
2017.08.29 20:33:39.385,0.69295,0.69311,1.00,1.00
2017.08.29 20:33:39.578,0.69293,0.69313,1.00,1.00
2017.08.29 20:33:40.420,0.69292,0.69313,1.00,1.50
2017.08.29 20:33:41.226,0.69292,0.69312,1.00,1.00
2017.08.29 20:33:41.596,0.69291,0.69309,1.00,1.00
2017.08.29 20:33:47.050,0.69294,0.69312,1.00,1.50
2017.08.29 20:33:47.354,0.69296,0.69312,1.00,1.00
2017.08.29 20:33:52.845,0.69292,0.69312,1.00,1.00
2017.08.29 20:34:00.149,0.69295,0.69313,1.00,1.00
2017.08.29 20:34:05.090,0.69294,0.69311,1.00,1.00
2017.08.29 20:34:05.413,0.69293,0.69309,1.00,1.00
2017.08.29 20:34:06.083,0.69292,0.69309,1.00,1.00
2017.08.29 20:34:06.612,0.69292,0.6931,1.00,1.00
2017.08.29 20:34:08.188,0.69292,0.69311,1.00,1.00
2017.08.29 20:34:13.416,0.69293,0.69309,1.00,1.00
2017.08.29 20:34:14.010,0.69292,0.69308,1.00,1.00
2017.08.29 20:34:16.878,0.69292,0.6931,1.00,1.00
2017.08.29 20:34:18.697,0.69292,0.69309,1.00,1.00
2017.08.29 20:34:19.735,0.69291,0.69309,1.00,1.00
2017.08.29 20:34:20.348,0.6929,0.69309,1.00,1.00
2017.08.29 20:34:21.642,0.69292,0.69308,1.00,1.00
2017.08.29 20:34:22.654,0.69291,0.69308,1.00,1.00
2017.08.29 20:34:23.203,0.69291,0.69309,1.00,1.00
2017.08.29 20:34:23.425,0.69293,0.69313,1.00,1.37
2017.08.29 20:34:23.527,0.69293,0.69314,1.00,1.00
2017.08.29 20:34:24.431,0.69297,0.69314,1.00,1.00
2017.08.29 20:34:24.481,0.69297,0.69316,1.00,1.00
2017.08.29 20:34:24.532,0.69299,0.6932,1.00,1.00
2017.08.29 20:34:24.583,0.69301,0.6932,1.00,1.00
2017.08.29 20:34:24.635,0.69301,0.69322,1.00,1.50
2017.08.29 20:34:24.764,0.69301,0.6932,1.00,1.00
2017.08.29 20:34:25.305,0.693,0.6932,1.00,1.00
2017.08.29 20:34:28.434,0.69298,0.6932,1.00,1.00
2017.08.29 20:34:30.733,0.69297,0.6932,1.12,1.00
2017.08.29 20:34:50.410,0.69297,0.69319,1.00,1.00
2017.08.29 20:34:51.451,0.69297,0.69318,1.00,1.50
2017.08.29 20:34:52.061,0.69296,0.69317,1.00,1.00
2017.08.29 20:34:53.618,0.69296,0.69315,1.00,1.00
2017.08.29 20:34:58.120,0.69292,0.69314,1.00,1.00
2017.08.29 20:34:58.221,0.6929,0.6931,1.00,1.00
2017.08.29 20:34:59.105,0.69289,0.6931,1.00,1.00
2017.08.29 20:35:00.108,0.69288,0.6931,1.00,1.00
2017.08.29 20:35:00.644,0.69289,0.6931,1.00,1.00
2017.08.29 20:35:02.195,0.69289,0.69312,1.00,1.50
2017.08.29 20:35:02.347,0.69289,0.6931,1.00,1.00
2017.08.29 20:35:04.051,0.6929,0.6931,1.00,1.00
2017.08.29 20:35:04.834,0.6929,0.69312,1.00,1.00
2017.08.29 20:35:06.172,0.69291,0.6931,1.00,1.00
2017.08.29 20:35:10.914,0.69289,0.69312,1.00,1.50
2017.08.29 20:35:11.016,0.69289,0.6931,1.00,1.00
2017.08.29 20:35:11.555,0.69288,0.69311,1.00,1.50
2017.08.29 20:35:13.466,0.69288,0.6931,1.00,1.00
2017.08.29 20:35:14.045,0.69289,0.69311,1.00,1.00
2017.08.29 20:35:14.367,0.69289,0.69308,1.00,1.00
2017.08.29 20:35:14.880,0.6929,0.69309,1.00,1.00
2017.08.29 20:35:15.106,0.6929,0.69311,1.00,1.00
2017.08.29 20:35:21.771,0.69289,0.69311,1.00,1.00
2017.08.29 20:35:27.394,0.69286,0.6931,1.00,1.00
2017.08.29 20:35:27.748,0.69286,0.69308,1.00,1.00
2017.08.29 20:35:28.051,0.69288,0.69309,1.00,1.00
2017.08.29 20:35:28.750,0.69287,0.69309,1.00,1.00
2017.08.29 20:35:30.386,0.69287,0.6931,1.00,1.00
2017.08.29 20:35:31.152,0.69289,0.6931,1.00,1.00
2017.08.29 20:35:38.897,0.69289,0.69311,1.00,1.50
2017.08.29 20:35:39.867,0.69287,0.6931,1.00,1.00
2017.08.29 20:35:40.152,0.69289,0.69311,1.00,1.50
2017.08.29 20:35:40.462,0.69288,0.69309,1.00,1.00
2017.08.29 20:35:43.611,0.69287,0.6931,1.00,1.50
2017.08.29 20:35:44.830,0.69288,0.69311,1.00,1.00
2017.08.29 20:35:45.529,0.69287,0.69311,1.00,1.00
2017.08.29 20:35:48.468,0.6929,0.69311,1.00,1.00
2017.08.29 20:35:50.466,0.69289,0.69311,1.00,1.00
2017.08.29 20:35:51.086,0.69288,0.69311,1.00,1.00
2017.08.29 20:35:51.686,0.69287,0.69311,1.00,1.00
2017.08.29 20:35:55.630,0.69287,0.69309,1.12,1.00
2017.08.29 20:36:02.575,0.69289,0.69309,1.00,1.00
2017.08.29 20:36:02.632,0.69287,0.69309,1.00,1.00
2017.08.29 20:36:02.684,0.6929,0.69309,1.00,1.00
2017.08.29 20:36:02.786,0.69288,0.69309,1.00,1.00
2017.08.29 20:36:03.354,0.69289,0.69309,1.00,1.00
2017.08.29 20:36:04.855,0.69288,0.69309,1.00,1.00
2017.08.29 20:36:06.443,0.69288,0.69311,1.00,1.00
2017.08.29 20:36:06.859,0.69288,0.69309,1.00,1.00
2017.08.29 20:36:13.253,0.69288,0.6931,1.00,1.50
2017.08.29 20:36:14.174,0.69287,0.69309,1.00,1.00
2017.08.29 20:36:14.744,0.69288,0.6931,1.00,1.00
2017.08.29 20:36:15.730,0.69287,0.6931,1.00,1.00
2017.08.29 20:36:20.585,0.69288,0.6931,1.00,1.00
2017.08.29 20:36:21.095,0.69289,0.6931,1.00,1.50
2017.08.29 20:36:26.757,0.6929,0.69311,1.00,1.50
2017.08.29 20:36:29.481,0.69286,0.6931,1.00,1.50
2017.08.29 20:36:29.532,0.69288,0.69309,1.00,1.00
2017.08.29 20:36:30.388,0.69287,0.69308,1.00,1.00
2017.08.29 20:36:33.224,0.69286,0.6931,1.00,1.50
2017.08.29 20:36:33.752,0.69287,0.6931,1.00,1.50
2017.08.29 20:36:34.915,0.69287,0.69309,1.00,1.00
2017.08.29 20:36:35.674,0.69287,0.6931,1.00,1.50
2017.08.29 20:36:36.368,0.69286,0.6931,1.00,1.50
2017.08.29 20:36:36.800,0.69288,0.6931,1.00,1.50
2017.08.29 20:36:36.851,0.69289,0.69312,1.00,1.12
2017.08.29 20:36:37.358,0.69289,0.69311,1.00,1.00
2017.08.29 20:36:48.980,0.69289,0.6931,1.00,1.00
2017.08.29 20:36:50.051,0.69289,0.69309,1.00,1.00
2017.08.29 20:37:02.920,0.69291,0.69312,1.00,1.00
2017.08.29 20:37:03.528,0.69292,0.69313,1.00,1.00
2017.08.29 20:37:04.190,0.69291,0.69313,1.00,1.00
2017.08.29 20:37:04.975,0.69292,0.69313,1.00,1.00
2017.08.29 20:37:10.276,0.69291,0.69312,1.00,1.00
2017.08.29 20:37:23.864,0.69293,0.69312,1.00,1.00
2017.08.29 20:37:24.767,0.69293,0.69314,1.00,1.12
2017.08.29 20:37:25.376,0.69293,0.69313,1.00,1.00
2017.08.29 20:37:26.375,0.69294,0.69314,1.00,1.12
2017.08.29 20:37:38.882,0.69294,0.69314,1.00,1.37
2017.08.29 20:37:39.462,0.69295,0.69315,1.00,1.37
2017.08.29 20:37:39.868,0.69292,0.69311,1.00,1.00
2017.08.29 20:37:39.970,0.69289,0.6931,1.00,1.00
2017.08.29 20:37:43.826,0.69289,0.69311,1.00,1.50
2017.08.29 20:37:52.091,0.6929,0.69311,1.00,1.50
2017.08.29 20:37:55.347,0.69289,0.69312,1.00,1.00
2017.08.29 20:37:55.399,0.69295,0.69315,1.00,1.37
2017.08.29 20:37:55.450,0.69295,0.69316,1.00,1.00
2017.08.29 20:37:56.419,0.69296,0.69316,1.00,1.00
2017.08.29 20:37:58.891,0.69295,0.69315,1.00,1.00
2017.08.29 20:38:00.112,0.69292,0.69314,1.00,1.00
2017.08.29 20:38:00.163,0.6929,0.69312,1.00,1.00
2017.08.29 20:38:00.667,0.69291,0.69311,1.00,1.00
2017.08.29 20:38:01.481,0.6929,0.6931,1.00,1.00
2017.08.29 20:38:04.356,0.69291,0.69311,1.00,1.00
2017.08.29 20:38:18.558,0.6929,0.69312,1.00,1.00
2017.08.29 20:38:18.933,0.69292,0.69311,1.00,1.00
2017.08.29 20:38:20.125,0.69291,0.69311,1.00,1.00
2017.08.29 20:38:28.915,0.69291,0.69312,1.00,1.00
2017.08.29 20:38:35.081,0.6929,0.69312,1.00,1.50
2017.08.29 20:38:51.622,0.69291,0.69313,1.00,1.50
2017.08.29 20:38:56.971,0.69293,0.69312,1.00,1.00
2017.08.29 20:38:58.975,0.69292,0.69313,1.00,1.50
2017.08.29 20:39:06.785,0.6929,0.69312,1.00,1.00
2017.08.29 20:39:06.887,0.69288,0.6931,1.00,1.00
2017.08.29 20:39:07.090,0.69284,0.69307,1.00,1.00
2017.08.29 20:39:07.895,0.69284,0.69306,1.00,1.00
2017.08.29 20:39:10.356,0.69283,0.69305,1.00,1.00
2017.08.29 20:39:17.594,0.69283,0.69304,1.00,1.00
2017.08.29 20:39:17.771,0.69281,0.69303,1.00,1.00
2017.08.29 20:39:18.205,0.69283,0.69305,1.00,1.50
2017.08.29 20:39:18.502,0.69281,0.69304,1.00,1.00
2017.08.29 20:39:19.124,0.69282,0.69304,1.00,1.50
2017.08.29 20:39:19.276,0.6928,0.69304,1.00,1.00
2017.08.29 20:39:21.691,0.69281,0.69304,1.00,1.00
2017.08.29 20:39:24.329,0.69286,0.69305,1.00,1.00
2017.08.29 20:39:25.339,0.69284,0.69305,1.00,1.00
2017.08.29 20:39:25.888,0.69284,0.69306,1.00,1.00
2017.08.29 20:39:28.178,0.69289,0.69308,1.00,1.00
2017.08.29 20:39:28.229,0.69289,0.69311,1.00,1.12
2017.08.29 20:39:28.280,0.6929,0.69312,1.37,1.00
2017.08.29 20:39:28.382,0.69293,0.69315,1.12,1.00
2017.08.29 20:39:28.741,0.69295,0.69319,1.00,1.00
2017.08.29 20:39:33.736,0.69297,0.69319,1.00,1.00
2017.08.29 20:39:37.031,0.69298,0.69318,1.00,1.00
2017.08.29 20:39:38.800,0.69297,0.69318,1.00,1.00
2017.08.29 20:39:38.901,0.69292,0.69316,1.12,1.00
2017.08.29 20:39:39.003,0.69293,0.69313,1.00,1.00
2017.08.29 20:39:39.054,0.69293,0.69315,1.00,1.00
2017.08.29 20:39:39.907,0.69294,0.69315,1.00,1.00
2017.08.29 20:39:41.403,0.69293,0.69316,1.00,1.50
2017.08.29 20:39:41.920,0.69293,0.69313,1.00,1.00
2017.08.29 20:39:42.359,0.6929,0.69314,1.00,1.00
2017.08.29 20:39:43.584,0.6929,0.69312,1.00,1.00
2017.08.29 20:39:44.514,0.69291,0.69312,1.00,1.00
2017.08.29 20:39:46.498,0.69289,0.69314,1.00,1.00
2017.08.29 20:39:47.521,0.6929,0.69314,1.00,1.00
2017.08.29 20:39:48.770,0.69291,0.69314,1.00,1.00
2017.08.29 20:39:51.045,0.69289,0.69313,1.00,1.00
2017.08.29 20:39:51.581,0.6929,0.69313,1.00,1.00
2017.08.29 20:39:53.312,0.69289,0.69313,1.00,1.00
2017.08.29 20:39:57.015,0.6929,0.69313,1.00,1.00
2017.08.29 20:39:57.238,0.69295,0.69315,1.00,1.00
2017.08.29 20:39:57.836,0.69295,0.69317,1.12,1.00
2017.08.29 20:39:58.853,0.69295,0.69316,1.12,1.00
2017.08.29 20:39:59.538,0.69295,0.69315,1.12,1.00
2017.08.29 20:40:02.253,0.69295,0.69316,1.12,1.50
2017.08.29 20:40:03.297,0.69296,0.69318,1.00,1.00
2017.08.29 20:40:03.826,0.69295,0.69318,1.12,1.00
2017.08.29 20:40:04.338,0.69296,0.69318,1.00,1.00
2017.08.29 20:40:05.368,0.69295,0.69318,1.12,1.12
2017.08.29 20:40:07.794,0.69295,0.69319,1.50,1.87
2017.08.29 20:40:08.047,0.69295,0.69317,1.12,1.00
2017.08.29 20:40:08.572,0.69295,0.69317,1.50,1.00
2017.08.29 20:40:09.289,0.69295,0.69316,1.50,1.00
2017.08.29 20:40:11.225,0.69295,0.69316,1.12,1.00
2017.08.29 20:40:11.790,0.69295,0.69315,1.37,1.00
2017.08.29 20:40:12.310,0.69294,0.69314,1.75,1.00
2017.08.29 20:40:23.110,0.69297,0.69317,1.00,1.00
2017.08.29 20:40:23.262,0.69298,0.6932,1.12,1.00
2017.08.29 20:40:23.854,0.69299,0.69321,1.12,1.00
2017.08.29 20:40:24.813,0.69299,0.69321,1.37,1.00
2017.08.29 20:40:25.414,0.69299,0.69321,1.00,1.00
2017.08.29 20:40:34.762,0.69304,0.69324,1.00,1.00
2017.08.29 20:40:34.915,0.69306,0.69328,1.00,1.50
2017.08.29 20:40:35.545,0.69306,0.69327,1.00,1.00
2017.08.29 20:40:36.205,0.69306,0.69328,1.00,1.00
2017.08.29 20:40:37.392,0.69305,0.69328,1.00,1.00
2017.08.29 20:40:42.611,0.69309,0.69332,1.00,1.00
2017.08.29 20:40:43.475,0.6931,0.69333,1.00,1.00
2017.08.29 20:40:45.657,0.69307,0.6933,1.00,1.00
2017.08.29 20:40:46.262,0.69309,0.6933,1.00,1.00
2017.08.29 20:40:46.363,0.6931,0.69332,1.00,1.00
2017.08.29 20:40:46.414,0.69308,0.69331,1.00,1.00
2017.08.29 20:40:46.926,0.69307,0.69331,1.12,1.00
2017.08.29 20:40:47.378,0.69309,0.69331,1.00,1.00
2017.08.29 20:40:48.351,0.69309,0.69332,1.00,1.00
2017.08.29 20:40:48.532,0.69307,0.69331,1.00,1.00
2017.08.29 20:40:50.417,0.69307,0.6933,1.00,1.00
2017.08.29 20:40:52.421,0.69308,0.6933,1.00,1.00
2017.08.29 20:40:52.864,0.69306,0.6933,1.00,1.00
2017.08.29 20:40:53.840,0.69306,0.69329,1.00,1.00
2017.08.29 20:41:04.582,0.69314,0.69334,1.00,1.00
2017.08.29 20:41:04.633,0.69315,0.69337,1.00,1.00
2017.08.29 20:41:05.286,0.69317,0.69336,1.00,1.00
2017.08.29 20:41:05.898,0.69315,0.69338,1.00,1.00
2017.08.29 20:41:06.519,0.69315,0.69339,1.12,1.50
2017.08.29 20:41:12.708,0.69317,0.69339,1.00,1.50
2017.08.29 20:41:12.758,0.69319,0.69342,1.00,1.00
2017.08.29 20:41:13.552,0.69318,0.69341,1.00,1.00
2017.08.29 20:41:14.262,0.69318,0.69342,1.00,1.00
2017.08.29 20:41:16.101,0.69317,0.69338,1.00,1.00
2017.08.29 20:41:16.474,0.69317,0.69336,1.00,1.00
2017.08.29 20:41:16.872,0.69314,0.69335,1.12,1.00
2017.08.29 20:41:22.481,0.69314,0.69334,1.12,1.00
2017.08.29 20:41:37.525,0.69316,0.69335,1.00,1.00
2017.08.29 20:42:10.939,0.69315,0.69334,1.00,1.00
2017.08.29 20:42:22.601,0.69314,0.69334,1.00,1.00
2017.08.29 20:42:29.388,0.69316,0.69333,1.00,1.00
2017.08.29 20:42:52.663,0.69316,0.69335,1.00,1.00
2017.08.29 20:42:59.151,0.69317,0.69335,1.00,1.00
2017.08.29 20:42:59.901,0.69315,0.69334,1.00,1.00
2017.08.29 20:42:59.951,0.69315,0.69332,1.00,1.00
2017.08.29 20:43:00.581,0.69316,0.69335,1.00,1.00
2017.08.29 20:43:00.632,0.69315,0.69333,1.00,1.00
2017.08.29 20:43:01.278,0.69317,0.69334,1.00,1.00
2017.08.29 20:43:04.291,0.69316,0.69334,1.00,1.00
2017.08.29 20:43:05.059,0.69317,0.69333,1.00,1.00
2017.08.29 20:43:08.380,0.69312,0.6933,1.00,1.00
2017.08.29 20:43:09.019,0.69312,0.69329,1.00,1.00
2017.08.29 20:43:09.901,0.69315,0.69334,1.00,1.00
2017.08.29 20:43:10.407,0.69315,0.69333,1.12,1.00
2017.08.29 20:43:12.232,0.69315,0.69331,1.12,1.00
2017.08.29 20:43:17.565,0.69315,0.69332,1.00,1.00
2017.08.29 20:43:23.746,0.69314,0.69332,1.50,1.00
2017.08.29 20:43:24.688,0.69316,0.69334,1.12,1.00
2017.08.29 20:43:25.982,0.69317,0.69335,1.00,1.00
2017.08.29 20:43:35.121,0.69316,0.69335,1.00,1.00
2017.08.29 20:43:35.572,0.69316,0.69333,1.00,1.00
2017.08.29 20:43:36.112,0.69317,0.69334,1.00,1.00
2017.08.29 20:43:36.521,0.69317,0.69336,1.00,1.00
2017.08.29 20:43:37.792,0.69318,0.69336,1.00,1.00
2017.08.29 20:43:38.312,0.69318,0.69337,1.00,1.00
2017.08.29 20:43:38.464,0.69316,0.69337,1.00,1.00
2017.08.29 20:43:38.994,0.69317,0.69337,1.00,1.00
2017.08.29 20:43:39.753,0.69318,0.69337,1.00,1.00
2017.08.29 20:43:41.058,0.69316,0.69336,1.00,1.00
2017.08.29 20:43:43.065,0.69317,0.69334,1.00,1.00
2017.08.29 20:43:57.089,0.69314,0.69334,1.12,1.00
2017.08.29 20:43:57.245,0.69316,0.69335,1.00,1.00
2017.08.29 20:43:57.863,0.69315,0.69334,1.00,1.00
2017.08.29 20:44:00.108,0.69316,0.69335,1.00,1.00
2017.08.29 20:44:04.489,0.69315,0.69334,1.00,1.00
2017.08.29 20:44:05.355,0.69316,0.69335,1.00,1.00
2017.08.29 20:44:08.289,0.69317,0.69338,1.00,1.00
2017.08.29 20:44:12.624,0.69317,0.69337,1.00,1.00
2017.08.29 20:44:14.604,0.69317,0.69339,1.00,1.50
2017.08.29 20:44:44.657,0.69317,0.69338,1.00,1.00
2017.08.29 20:44:50.897,0.69317,0.69339,1.00,1.00
2017.08.29 20:45:00.087,0.69317,0.69338,1.00,1.00
2017.08.29 20:45:00.188,0.69317,0.69336,1.00,1.00
2017.08.29 20:45:00.324,0.69315,0.69336,1.00,1.00
2017.08.29 20:45:00.883,0.69316,0.69337,1.00,1.00
2017.08.29 20:45:00.934,0.69316,0.69339,1.00,1.00
2017.08.29 20:45:01.453,0.69317,0.69338,1.00,1.50
2017.08.29 20:45:05.353,0.69317,0.69339,1.00,1.00
2017.08.29 20:45:07.930,0.69316,0.69338,1.00,1.00
2017.08.29 20:45:12.712,0.69318,0.69338,1.00,1.00
2017.08.29 20:45:16.582,0.69316,0.69338,1.00,1.00
2017.08.29 20:45:17.182,0.69316,0.69336,1.00,1.00
2017.08.29 20:45:18.114,0.69315,0.69335,1.00,1.00
2017.08.29 20:45:20.316,0.69315,0.69337,1.00,1.00
2017.08.29 20:45:20.827,0.69316,0.69338,1.00,1.00
2017.08.29 20:45:23.817,0.69316,0.69336,1.00,1.00
2017.08.29 20:45:23.868,0.69314,0.69336,1.00,1.00
2017.08.29 20:45:23.919,0.69316,0.69338,1.00,1.00
2017.08.29 20:45:27.742,0.69318,0.69338,1.00,1.00
2017.08.29 20:45:29.746,0.69318,0.69339,1.00,1.50
2017.08.29 20:45:31.265,0.69323,0.69344,1.00,1.50
2017.08.29 20:45:31.571,0.69323,0.69346,1.00,1.50
2017.08.29 20:45:35.838,0.69322,0.69341,1.00,1.00
2017.08.29 20:45:40.125,0.69321,0.6934,1.00,1.00
2017.08.29 20:45:40.497,0.69321,0.69338,1.00,1.00
2017.08.29 20:45:41.125,0.69319,0.69338,1.00,1.00
2017.08.29 20:45:43.517,0.69318,0.69338,1.12,1.00
2017.08.29 20:45:46.723,0.6932,0.69337,1.00,1.00
2017.08.29 20:45:51.015,0.69318,0.69338,1.12,1.00
2017.08.29 20:45:53.020,0.6932,0.69337,1.00,1.00
2017.08.29 20:45:53.729,0.69317,0.69338,1.50,1.00
2017.08.29 20:46:04.448,0.69318,0.69336,1.00,1.00
2017.08.29 20:46:05.416,0.69319,0.69337,1.00,1.00
2017.08.29 20:46:05.665,0.69322,0.69342,1.00,1.00
2017.08.29 20:46:05.817,0.6932,0.6934,1.00,1.00
2017.08.29 20:46:06.066,0.69312,0.69334,1.00,1.00
2017.08.29 20:46:06.608,0.6931,0.69334,2.62,1.00
2017.08.29 20:46:07.240,0.69311,0.69334,1.87,1.00
2017.08.29 20:46:07.664,0.6931,0.69334,1.12,1.00
2017.08.29 20:46:08.050,0.69312,0.69334,1.00,1.00
2017.08.29 20:46:08.640,0.69314,0.69333,1.00,1.00
2017.08.29 20:46:09.836,0.69314,0.69334,1.00,1.00
2017.08.29 20:46:11.434,0.69312,0.69333,1.00,1.00
2017.08.29 20:46:27.722,0.69315,0.69333,1.00,1.00
2017.08.29 20:46:29.866,0.69315,0.69334,1.12,1.00
2017.08.29 20:46:38.110,0.69314,0.69334,1.00,1.00
2017.08.29 20:46:44.903,0.69315,0.69334,1.00,1.00
2017.08.29 20:46:47.777,0.69311,0.69331,1.12,1.00
2017.08.29 20:46:48.774,0.69311,0.69332,1.12,1.00
2017.08.29 20:46:51.728,0.6931,0.69331,1.37,1.00
2017.08.29 20:46:52.451,0.6931,0.69331,1.37,1.00
2017.08.29 20:46:53.730,0.6931,0.69331,1.37,1.00
2017.08.29 20:46:58.796,0.6931,0.6933,1.00,1.00
2017.08.29 20:46:58.847,0.69308,0.69327,1.37,1.00
2017.08.29 20:46:59.354,0.6931,0.69328,1.00,1.00
2017.08.29 20:47:00.149,0.69311,0.69328,1.00,1.00
2017.08.29 20:47:19.990,0.69313,0.69332,1.00,1.00
2017.08.29 20:47:27.145,0.69311,0.6933,1.00,1.00
2017.08.29 20:47:28.129,0.6931,0.6933,1.00,1.00
2017.08.29 20:47:29.445,0.69305,0.69329,1.37,1.00
2017.08.29 20:47:29.496,0.69304,0.69326,1.00,1.00
2017.08.29 20:47:29.802,0.69303,0.69323,1.00,1.00
2017.08.29 20:47:30.622,0.69303,0.69321,1.00,1.00
2017.08.29 20:47:40.819,0.69301,0.69321,1.00,1.00
2017.08.29 20:47:47.189,0.69302,0.69325,1.00,1.00
2017.08.29 20:47:47.240,0.69304,0.69323,1.00,1.00
2017.08.29 20:47:48.371,0.69305,0.69323,1.00,1.00
2017.08.29 20:47:49.177,0.69303,0.69324,1.12,1.00
2017.08.29 20:47:49.380,0.69305,0.69323,1.00,1.00
2017.08.29 20:47:49.918,0.69304,0.69328,1.00,1.00
2017.08.29 20:47:50.019,0.69304,0.69324,1.00,1.00
2017.08.29 20:47:50.070,0.69304,0.69328,1.00,1.00
2017.08.29 20:47:50.172,0.69303,0.69323,1.00,1.00
2017.08.29 20:47:51.034,0.69302,0.69322,1.00,1.00
2017.08.29 20:47:52.054,0.69301,0.69322,1.00,1.00
2017.08.29 20:47:52.380,0.69299,0.6932,1.00,1.00
2017.08.29 20:47:52.842,0.693,0.69321,1.37,1.00
2017.08.29 20:48:08.853,0.693,0.6932,1.00,1.00
2017.08.29 20:48:09.510,0.69299,0.69319,1.00,1.00
2017.08.29 20:48:19.722,0.69299,0.69321,1.12,1.00
2017.08.29 20:48:30.791,0.693,0.69323,1.00,1.00
2017.08.29 20:48:38.391,0.69302,0.69322,1.00,1.00
2017.08.29 20:48:45.983,0.69304,0.69323,1.00,1.00
2017.08.29 20:48:46.923,0.69305,0.69324,1.00,1.00
2017.08.29 20:48:46.974,0.69301,0.69322,1.00,1.00
2017.08.29 20:48:47.480,0.69302,0.69322,1.00,1.00
2017.08.29 20:49:00.206,0.69304,0.69321,1.00,1.00
2017.08.29 20:49:12.541,0.69305,0.69323,1.00,1.00
2017.08.29 20:49:12.787,0.69302,0.69322,1.00,1.00
2017.08.29 20:49:15.304,0.69299,0.69319,1.00,1.00
2017.08.29 20:49:18.015,0.69298,0.69317,1.00,1.00
2017.08.29 20:49:19.518,0.69298,0.69316,1.00,1.00
2017.08.29 20:49:20.129,0.69298,0.69317,1.00,1.00
2017.08.29 20:49:20.735,0.69299,0.69316,1.00,1.00
2017.08.29 20:49:21.522,0.69298,0.69316,1.00,1.00
2017.08.29 20:49:22.072,0.69298,0.69317,1.00,1.00
2017.08.29 20:49:22.671,0.69297,0.69317,1.00,1.00
2017.08.29 20:49:23.178,0.69298,0.69317,1.00,1.00
2017.08.29 20:49:23.727,0.69297,0.69316,1.00,1.00
2017.08.29 20:49:29.067,0.69298,0.69317,1.00,1.00
2017.08.29 20:49:39.514,0.69297,0.69316,1.00,1.00
2017.08.29 20:49:44.644,0.69298,0.69317,1.00,1.00
2017.08.29 20:49:51.145,0.693,0.69318,1.00,1.00
2017.08.29 20:49:53.217,0.69298,0.69316,1.00,1.00
2017.08.29 20:49:53.318,0.69295,0.69315,1.00,1.00
2017.08.29 20:49:53.420,0.69297,0.69315,1.00,1.00
2017.08.29 20:49:54.283,0.69296,0.69317,1.00,1.00
2017.08.29 20:49:55.027,0.69297,0.69317,1.00,1.00
2017.08.29 20:49:55.572,0.69298,0.69317,1.00,1.00
2017.08.29 20:49:56.346,0.69298,0.69316,1.00,1.00
2017.08.29 20:50:00.584,0.693,0.69318,1.00,1.00
2017.08.29 20:50:00.635,0.69303,0.69322,1.00,1.00
2017.08.29 20:50:00.787,0.69305,0.69323,1.00,1.00
2017.08.29 20:50:01.695,0.69306,0.69323,1.00,1.00
2017.08.29 20:50:08.530,0.69304,0.69323,1.00,1.00
2017.08.29 20:50:42.850,0.69303,0.69322,1.00,1.00
2017.08.29 20:50:43.357,0.69304,0.69323,1.00,1.00
2017.08.29 20:50:53.639,0.69303,0.69322,1.00,1.00
2017.08.29 20:50:58.401,0.69304,0.69322,1.00,1.00
2017.08.29 20:51:07.473,0.69303,0.69322,1.00,1.00
2017.08.29 20:51:08.950,0.69304,0.69323,1.00,1.00
2017.08.29 20:51:09.523,0.69304,0.69322,1.00,1.00
2017.08.29 20:51:12.897,0.69305,0.69322,1.00,1.00
2017.08.29 20:51:13.412,0.69302,0.69323,1.00,1.00
2017.08.29 20:51:13.463,0.69304,0.69324,1.00,1.00
2017.08.29 20:51:14.515,0.69303,0.69324,1.00,1.00
2017.08.29 20:51:15.299,0.69304,0.69322,1.00,1.00
2017.08.29 20:51:15.623,0.69302,0.6932,1.00,1.00
2017.08.29 20:51:15.674,0.69302,0.69323,1.00,1.00
2017.08.29 20:51:16.117,0.69304,0.69323,1.00,1.00
2017.08.29 20:51:16.663,0.69302,0.69322,1.00,1.00
2017.08.29 20:51:17.222,0.69303,0.69322,1.00,1.00
2017.08.29 20:51:21.676,0.69303,0.69321,1.00,1.00
2017.08.29 20:51:22.448,0.69302,0.6932,1.00,1.00
2017.08.29 20:51:25.670,0.69303,0.69324,1.00,1.00
2017.08.29 20:51:26.583,0.69302,0.69324,1.00,1.00
2017.08.29 20:51:26.633,0.69303,0.6932,1.00,1.00
2017.08.29 20:51:26.684,0.69302,0.69323,1.00,1.00
2017.08.29 20:51:27.231,0.69302,0.69321,1.00,1.00
2017.08.29 20:51:27.724,0.69302,0.69323,1.00,1.00
2017.08.29 20:51:28.395,0.69303,0.69324,1.00,1.00
2017.08.29 20:51:38.616,0.69301,0.69321,1.00,1.00
2017.08.29 20:51:38.667,0.69297,0.6932,1.00,1.00
2017.08.29 20:51:38.718,0.693,0.6932,1.00,1.00
2017.08.29 20:51:39.255,0.693,0.69319,1.00,1.00
2017.08.29 20:51:45.496,0.69299,0.69319,1.00,1.00
2017.08.29 20:51:50.540,0.69298,0.69319,1.00,1.00
2017.08.29 20:51:51.735,0.69298,0.6932,1.00,1.00
2017.08.29 20:51:52.903,0.69301,0.69321,1.00,1.00
2017.08.29 20:51:53.740,0.69301,0.69322,1.00,1.00
2017.08.29 20:51:54.375,0.693,0.69322,1.00,1.00
2017.08.29 20:52:00.549,0.69303,0.69322,1.00,1.00
2017.08.29 20:52:02.601,0.69302,0.69321,1.00,1.00
2017.08.29 20:52:02.931,0.69303,0.69323,1.00,1.00
2017.08.29 20:52:07.626,0.69302,0.69323,1.00,1.00
2017.08.29 20:52:08.256,0.69303,0.69323,1.00,1.00
2017.08.29 20:52:11.540,0.69301,0.69323,1.00,1.00
2017.08.29 20:52:15.567,0.69301,0.69324,1.00,1.00
2017.08.29 20:52:18.816,0.69301,0.69323,1.00,1.00
2017.08.29 20:52:20.392,0.69299,0.69322,1.12,1.00
2017.08.29 20:52:20.919,0.69299,0.69321,1.00,1.00
2017.08.29 20:52:40.073,0.69299,0.6932,1.00,1.00
2017.08.29 20:52:42.117,0.693,0.6932,1.00,1.00
2017.08.29 20:52:47.328,0.69296,0.69319,1.00,1.00
2017.08.29 20:52:48.326,0.69296,0.69318,1.00,1.00
2017.08.29 20:52:50.176,0.69295,0.69318,1.00,1.00
2017.08.29 20:52:50.278,0.69298,0.6932,1.00,1.00
2017.08.29 20:52:50.917,0.69299,0.6932,1.00,1.00
2017.08.29 20:52:51.757,0.693,0.6932,1.00,1.00
2017.08.29 20:52:52.365,0.693,0.69319,1.00,1.00
2017.08.29 20:52:58.641,0.69298,0.6932,1.37,1.00
2017.08.29 20:53:21.894,0.69294,0.69315,1.12,1.00
2017.08.29 20:53:22.300,0.69293,0.69312,1.12,1.00
2017.08.29 20:53:28.286,0.69294,0.69313,1.00,1.00
2017.08.29 20:53:29.191,0.69296,0.69318,1.00,1.00
2017.08.29 20:53:31.312,0.69298,0.69318,1.00,1.00
2017.08.29 20:53:48.842,0.69298,0.69319,1.00,1.00
2017.08.29 20:53:49.506,0.693,0.69318,1.00,1.00
2017.08.29 20:53:50.071,0.69297,0.69319,1.37,1.00
2017.08.29 20:53:50.275,0.693,0.69318,1.00,1.00
2017.08.29 20:53:51.216,0.69302,0.69324,1.00,1.00
2017.08.29 20:53:51.318,0.69304,0.69325,1.00,1.00
2017.08.29 20:53:51.470,0.69304,0.69327,1.00,1.00
2017.08.29 20:53:52.309,0.69303,0.69326,1.00,1.00
2017.08.29 20:53:58.762,0.69304,0.69326,1.00,1.00
2017.08.29 20:53:59.382,0.69304,0.69329,1.00,1.00
2017.08.29 20:53:59.433,0.69306,0.69328,1.00,1.00
2017.08.29 20:54:00.290,0.69307,0.6933,1.00,1.00
2017.08.29 20:54:00.566,0.69309,0.6933,1.00,1.00
2017.08.29 20:54:00.620,0.69307,0.69331,1.00,1.00
2017.08.29 20:54:00.774,0.69307,0.69329,1.00,1.00
2017.08.29 20:54:01.664,0.69306,0.6933,1.00,1.00
2017.08.29 20:54:02.173,0.69307,0.6933,1.00,1.00
2017.08.29 20:54:02.829,0.69307,0.69329,1.00,1.00
2017.08.29 20:54:03.519,0.69306,0.6933,1.00,1.00
2017.08.29 20:54:04.036,0.69307,0.69329,1.00,1.00
2017.08.29 20:54:04.539,0.69307,0.6933,1.00,1.00
2017.08.29 20:54:04.869,0.69308,0.69328,1.00,1.00
2017.08.29 20:54:07.276,0.69308,0.69329,1.00,1.00
2017.08.29 20:54:07.830,0.69307,0.69329,1.00,1.00
2017.08.29 20:54:14.543,0.69308,0.69329,1.00,1.00
2017.08.29 20:54:14.594,0.69306,0.6933,1.00,1.00
2017.08.29 20:54:15.136,0.69306,0.69329,1.00,1.00
2017.08.29 20:54:15.804,0.69307,0.6933,1.00,1.00
2017.08.29 20:54:16.158,0.69305,0.6933,1.00,1.00
2017.08.29 20:54:16.567,0.69308,0.69329,1.00,1.00
2017.08.29 20:54:16.719,0.69306,0.6933,1.00,1.00
2017.08.29 20:54:17.269,0.69307,0.69329,1.00,1.00
2017.08.29 20:54:18.012,0.69306,0.69329,1.00,1.00
2017.08.29 20:54:18.114,0.69309,0.6933,1.00,1.00
2017.08.29 20:54:18.266,0.69305,0.6933,1.12,1.00
2017.08.29 20:54:18.656,0.69308,0.69329,1.00,1.00
2017.08.29 20:54:18.828,0.69305,0.69329,1.12,1.00
2017.08.29 20:54:19.119,0.69308,0.6933,1.00,1.00
2017.08.29 20:54:19.456,0.69307,0.69328,1.00,1.00
2017.08.29 20:54:19.682,0.69306,0.6933,1.00,1.00
2017.08.29 20:54:20.064,0.69309,0.69328,1.00,1.00
2017.08.29 20:54:20.591,0.69308,0.69329,1.00,1.00
2017.08.29 20:54:20.642,0.69305,0.6933,1.00,1.00
2017.08.29 20:54:20.871,0.69307,0.6933,1.00,1.00
2017.08.29 20:54:21.377,0.69306,0.6933,1.00,1.00
2017.08.29 20:54:21.906,0.69306,0.69329,1.00,1.00
2017.08.29 20:54:22.485,0.69308,0.69331,1.00,1.00
2017.08.29 20:54:22.881,0.6931,0.6933,1.00,1.00
2017.08.29 20:54:23.482,0.69308,0.69331,1.00,1.00
2017.08.29 20:54:24.201,0.69309,0.6933,1.00,1.00
2017.08.29 20:54:39.095,0.69311,0.6933,1.00,1.00
2017.08.29 20:54:40.260,0.69309,0.6933,1.00,1.00
2017.08.29 20:54:45.859,0.69309,0.69331,1.00,1.00
2017.08.29 20:54:46.718,0.6931,0.69331,1.00,1.00
2017.08.29 20:54:47.408,0.69311,0.6933,1.00,1.00
2017.08.29 20:54:47.788,0.69309,0.69331,1.00,1.00
2017.08.29 20:54:51.961,0.6931,0.69331,1.00,1.00
2017.08.29 20:54:52.745,0.69309,0.69331,1.00,1.00
2017.08.29 20:54:54.116,0.69309,0.6933,1.00,1.00
2017.08.29 20:54:56.903,0.69309,0.69331,1.00,1.00
2017.08.29 20:54:57.411,0.6931,0.6933,1.00,1.00
2017.08.29 20:54:58.881,0.69309,0.6933,1.00,1.00
2017.08.29 20:55:00.885,0.69309,0.69331,1.00,1.00
2017.08.29 20:55:01.654,0.69308,0.69331,1.00,1.00
2017.08.29 20:55:02.185,0.6931,0.69331,1.00,1.00
2017.08.29 20:55:02.693,0.69311,0.69331,1.00,1.00
2017.08.29 20:55:03.153,0.69309,0.6933,1.00,1.00
2017.08.29 20:55:03.684,0.6931,0.69331,1.00,1.00
2017.08.29 20:55:09.129,0.6931,0.6933,1.00,1.00
2017.08.29 20:55:11.300,0.69308,0.69331,1.00,1.00
2017.08.29 20:55:11.520,0.6931,0.69331,1.00,1.00
2017.08.29 20:55:12.098,0.69308,0.69331,1.00,1.00
2017.08.29 20:55:12.606,0.69309,0.69331,1.00,1.00
2017.08.29 20:55:26.877,0.69308,0.69331,1.00,1.00
2017.08.29 20:55:27.248,0.6931,0.69331,1.00,1.00
2017.08.29 20:55:37.296,0.69309,0.69331,1.00,1.00
2017.08.29 20:55:37.888,0.6931,0.69331,1.00,1.00
2017.08.29 20:55:43.114,0.69308,0.69331,1.00,1.00
2017.08.29 20:55:43.781,0.6931,0.69329,1.00,1.00
2017.08.29 20:55:43.983,0.6931,0.69331,1.00,1.00
2017.08.29 20:55:44.097,0.69308,0.69331,1.00,1.00
2017.08.29 20:55:44.300,0.6931,0.69331,1.00,1.00
2017.08.29 20:55:44.515,0.69308,0.69331,1.00,1.00
2017.08.29 20:55:44.819,0.6931,0.69331,1.00,1.00
2017.08.29 20:55:48.542,0.69308,0.69331,1.00,1.00
2017.08.29 20:55:48.643,0.6931,0.69329,1.00,1.00
2017.08.29 20:55:48.694,0.69308,0.69331,1.00,1.00
2017.08.29 20:55:48.745,0.69311,0.6933,1.00,1.00
2017.08.29 20:55:48.992,0.69308,0.69331,1.00,1.00
2017.08.29 20:55:49.052,0.6931,0.69331,1.00,1.00
2017.08.29 20:55:49.365,0.69308,0.6933,1.00,1.00
2017.08.29 20:55:49.466,0.6931,0.6933,1.00,1.00
2017.08.29 20:55:49.824,0.69312,0.6933,1.00,1.00
2017.08.29 20:55:50.396,0.69308,0.69331,1.00,1.00
2017.08.29 20:55:50.574,0.69311,0.69331,1.00,1.00
2017.08.29 20:55:51.514,0.69308,0.69331,1.00,1.00
2017.08.29 20:55:51.616,0.6931,0.69331,1.00,1.00
2017.08.29 20:55:52.230,0.69312,0.69331,1.00,1.00
2017.08.29 20:55:52.392,0.69309,0.69331,1.00,1.00
2017.08.29 20:55:52.631,0.69312,0.69331,1.00,1.00
2017.08.29 20:55:53.094,0.6931,0.69335,1.00,1.00
2017.08.29 20:55:53.780,0.69311,0.69336,1.00,1.12
2017.08.29 20:55:54.272,0.69313,0.69335,1.00,1.00
2017.08.29 20:55:55.682,0.69312,0.69337,1.00,1.00
2017.08.29 20:55:55.834,0.69313,0.69335,1.00,1.00
2017.08.29 20:55:55.935,0.6931,0.69335,1.00,1.00
2017.08.29 20:55:56.138,0.69309,0.69333,1.00,1.00
2017.08.29 20:55:56.189,0.69303,0.69335,1.00,1.00
2017.08.29 20:55:57.199,0.69304,0.69333,1.00,1.00
2017.08.29 20:55:57.504,0.69306,0.69332,1.00,1.00
2017.08.29 20:55:57.606,0.69304,0.69333,1.00,1.00
2017.08.29 20:55:58.174,0.69308,0.69332,1.00,1.00
2017.08.29 20:55:58.225,0.69304,0.69333,1.00,1.00
2017.08.29 20:55:58.759,0.69305,0.69333,1.00,1.00
2017.08.29 20:55:59.429,0.69306,0.69333,1.00,1.00
2017.08.29 20:56:00.226,0.69305,0.69332,1.00,1.00
2017.08.29 20:56:01.044,0.69307,0.69332,1.00,1.00
2017.08.29 20:56:02.480,0.69307,0.69331,1.00,1.00
2017.08.29 20:56:03.163,0.69306,0.69333,1.00,1.00
2017.08.29 20:56:03.413,0.69307,0.69335,1.00,1.50
2017.08.29 20:56:06.241,0.69309,0.69334,1.00,1.00
2017.08.29 20:56:09.249,0.69309,0.69333,1.00,1.00
2017.08.29 20:56:12.256,0.69306,0.69334,1.00,1.00
2017.08.29 20:56:13.030,0.69307,0.69334,1.00,1.00
2017.08.29 20:56:14.006,0.69307,0.69333,1.00,1.00
2017.08.29 20:56:14.559,0.69307,0.69334,1.00,1.00
2017.08.29 20:56:16.042,0.69307,0.69332,1.00,1.00
2017.08.29 20:56:16.264,0.69305,0.69332,1.00,1.00
2017.08.29 20:56:19.291,0.69304,0.69328,1.00,1.00
2017.08.29 20:56:19.920,0.69303,0.69327,1.00,1.00
2017.08.29 20:56:21.698,0.69304,0.69328,1.00,1.00
2017.08.29 20:56:22.250,0.69304,0.69327,1.00,1.00
2017.08.29 20:56:24.384,0.69304,0.69326,1.00,1.00
2017.08.29 20:56:26.161,0.69305,0.69326,1.00,1.00
2017.08.29 20:56:26.708,0.69305,0.69325,1.00,1.00
2017.08.29 20:56:26.759,0.69305,0.69327,1.00,1.00
2017.08.29 20:56:26.893,0.69304,0.69325,1.00,1.00
2017.08.29 20:56:27.689,0.69305,0.69326,1.00,1.00
2017.08.29 20:56:28.398,0.69305,0.69325,1.00,1.00
2017.08.29 20:56:30.314,0.69302,0.69322,1.00,1.00
2017.08.29 20:56:30.862,0.69303,0.69323,1.00,1.00
2017.08.29 20:56:31.399,0.69302,0.69322,1.00,1.00
2017.08.29 20:56:31.831,0.69303,0.6932,1.00,1.00
2017.08.29 20:56:37.286,0.69302,0.69322,1.00,1.00
2017.08.29 20:56:37.337,0.69302,0.6932,1.00,1.00
2017.08.29 20:56:37.692,0.69302,0.69322,1.00,1.00
2017.08.29 20:56:38.288,0.69301,0.69321,1.00,1.00
2017.08.29 20:56:43.504,0.69303,0.69321,1.00,1.00
2017.08.29 20:56:44.652,0.693,0.69322,1.00,1.00
2017.08.29 20:56:44.703,0.69302,0.69323,1.00,1.00
2017.08.29 20:56:45.048,0.69302,0.69321,1.00,1.00
2017.08.29 20:56:45.408,0.693,0.69323,1.00,1.00
2017.08.29 20:56:45.458,0.69302,0.69323,1.00,1.00
2017.08.29 20:56:45.509,0.693,0.69323,1.00,1.00
2017.08.29 20:56:45.560,0.693,0.69321,1.00,1.00
2017.08.29 20:56:45.662,0.693,0.69323,1.00,1.00
2017.08.29 20:56:45.713,0.69303,0.69322,1.00,1.00
2017.08.29 20:56:46.254,0.69302,0.69323,1.00,1.00
2017.08.29 20:56:46.913,0.69302,0.69322,1.00,1.00
2017.08.29 20:56:48.332,0.69302,0.69323,1.00,1.00
2017.08.29 20:56:48.789,0.69303,0.6932,1.00,1.00
2017.08.29 20:56:48.946,0.69302,0.69323,1.00,1.00
2017.08.29 20:56:49.440,0.69303,0.6932,1.00,1.00
2017.08.29 20:56:49.491,0.693,0.69323,1.00,1.00
2017.08.29 20:56:49.542,0.69302,0.69323,1.00,1.00
2017.08.29 20:56:49.885,0.69303,0.6932,1.00,1.00
2017.08.29 20:56:51.101,0.69302,0.69323,1.00,1.00
2017.08.29 20:56:51.867,0.69302,0.69322,1.00,1.00
2017.08.29 20:56:52.335,0.69303,0.6932,1.00,1.00
2017.08.29 20:56:54.340,0.69301,0.69321,1.00,1.00
2017.08.29 20:56:55.920,0.69303,0.69322,1.00,1.00
2017.08.29 20:56:56.266,0.69302,0.6932,1.00,1.00
2017.08.29 20:56:56.955,0.69302,0.69322,1.00,1.00
2017.08.29 20:56:57.264,0.69301,0.6932,1.00,1.00
2017.08.29 20:56:58.663,0.69302,0.69323,1.00,1.00
2017.08.29 20:56:58.815,0.69301,0.69321,1.00,1.00
2017.08.29 20:56:59.323,0.69302,0.69322,1.00,1.00
2017.08.29 20:56:59.652,0.69301,0.6932,1.00,1.00
2017.08.29 20:57:00.063,0.69301,0.69318,1.00,1.00
2017.08.29 20:57:00.114,0.69297,0.6932,1.00,1.00
2017.08.29 20:57:00.165,0.69295,0.69315,1.00,1.00
2017.08.29 20:57:00.368,0.69291,0.69317,1.00,1.00
2017.08.29 20:57:00.419,0.69293,0.69315,1.00,1.00
2017.08.29 20:57:01.233,0.69293,0.69318,1.00,1.12
2017.08.29 20:57:01.870,0.69294,0.69315,1.00,1.00
2017.08.29 20:57:02.422,0.69293,0.69317,1.00,1.00
2017.08.29 20:57:02.952,0.69294,0.69315,1.00,1.00
2017.08.29 20:57:07.199,0.693,0.6932,1.00,1.00
2017.08.29 20:57:07.351,0.69298,0.69321,1.00,1.00
2017.08.29 20:57:07.402,0.69296,0.69318,1.00,1.00
2017.08.29 20:57:07.503,0.69293,0.6932,1.00,1.12
2017.08.29 20:57:08.106,0.69293,0.69319,1.00,1.00
2017.08.29 20:57:08.424,0.69295,0.69319,1.00,1.00
2017.08.29 20:57:09.115,0.69294,0.69319,1.00,1.00
2017.08.29 20:57:09.469,0.69292,0.6932,1.00,1.37
2017.08.29 20:57:09.520,0.69294,0.6932,1.00,1.37
