2015.11.06 12:00:00.314,0.65834,0.6586,1.00,1.00
2015.11.06 12:00:01.261,0.65834,0.65861,1.00,1.00
2015.11.06 12:00:01.814,0.65835,0.65861,1.00,1.00
2015.11.06 12:00:02.363,0.65834,0.65861,1.00,1.00
2015.11.06 12:00:02.803,0.65835,0.65864,1.00,1.50
2015.11.06 12:00:03.133,0.65834,0.65862,1.00,1.00
2015.11.06 12:00:03.284,0.65834,0.65864,1.50,1.00
2015.11.06 12:00:03.613,0.65834,0.65862,1.00,1.00
2015.11.06 12:00:04.454,0.65835,0.65862,1.00,1.00
2015.11.06 12:00:05.004,0.65835,0.65863,1.00,1.00
2015.11.06 12:00:05.773,0.65835,0.65864,1.00,1.00
2015.11.06 12:00:06.104,0.65837,0.65865,1.00,1.00
2015.11.06 12:00:07.469,0.65838,0.65866,1.00,1.00
2015.11.06 12:00:07.644,0.65838,0.65868,1.00,1.00
2015.11.06 12:00:07.695,0.6584,0.65868,1.00,1.00
2015.11.06 12:00:07.795,0.65841,0.65871,1.50,1.50
2015.11.06 12:00:08.024,0.65844,0.65866,1.00,1.00
2015.11.06 12:00:08.125,0.6584,0.65867,1.00,1.00
2015.11.06 12:00:08.237,0.65841,0.65869,1.00,1.00
2015.11.06 12:00:08.438,0.65842,0.65872,1.00,1.50
2015.11.06 12:00:08.977,0.65841,0.65869,1.00,1.00
2015.11.06 12:00:09.077,0.65839,0.65868,1.50,1.00
2015.11.06 12:00:09.294,0.65841,0.6587,1.00,1.00
2015.11.06 12:00:09.626,0.65844,0.65871,1.00,1.00
2015.11.06 12:00:09.992,0.65842,0.65869,1.00,1.00
2015.11.06 12:00:10.096,0.65843,0.65873,1.00,1.00
2015.11.06 12:00:10.613,0.65841,0.65869,1.00,1.00
2015.11.06 12:00:10.846,0.65842,0.65872,1.00,1.50
2015.11.06 12:00:11.064,0.6584,0.6587,1.00,1.00
2015.11.06 12:00:11.493,0.65844,0.6587,1.00,1.00
2015.11.06 12:00:11.823,0.65844,0.65872,1.00,1.00
2015.11.06 12:00:12.365,0.65843,0.65871,1.00,1.00
2015.11.06 12:00:12.999,0.65844,0.65873,1.00,1.00
2015.11.06 12:00:13.253,0.65845,0.65875,1.00,1.00
2015.11.06 12:00:13.475,0.65843,0.65873,1.00,1.00
2015.11.06 12:00:14.012,0.65842,0.65872,1.00,1.00
2015.11.06 12:00:15.675,0.65842,0.65871,1.00,1.00
2015.11.06 12:00:16.322,0.65843,0.65871,1.00,1.00
2015.11.06 12:00:16.445,0.65841,0.65871,1.00,1.00
2015.11.06 12:00:16.595,0.6584,0.65869,1.00,1.00
2015.11.06 12:00:17.130,0.6584,0.6587,1.50,1.00
2015.11.06 12:00:17.531,0.65843,0.6587,1.00,1.00
2015.11.06 12:00:18.298,0.65844,0.6587,1.00,1.00
2015.11.06 12:00:18.834,0.65843,0.65869,1.00,1.00
2015.11.06 12:00:19.749,0.65845,0.65869,1.00,1.00
2015.11.06 12:00:20.856,0.65844,0.65869,1.00,1.00
2015.11.06 12:00:21.445,0.65845,0.65869,1.00,1.00
2015.11.06 12:00:21.952,0.65844,0.65869,1.50,1.00
2015.11.06 12:00:24.055,0.65845,0.65869,1.00,1.00
2015.11.06 12:00:24.584,0.65844,0.65869,1.00,1.00
2015.11.06 12:00:26.575,0.65842,0.65869,1.00,1.00
2015.11.06 12:00:26.696,0.65844,0.65869,1.00,1.00
2015.11.06 12:00:27.026,0.65842,0.65869,1.00,1.00
2015.11.06 12:00:27.636,0.65841,0.65869,1.00,1.50
2015.11.06 12:00:28.363,0.65842,0.65869,1.00,1.00
2015.11.06 12:00:32.121,0.65845,0.65869,1.00,1.00
2015.11.06 12:00:32.272,0.65845,0.65872,1.00,1.00
2015.11.06 12:00:32.834,0.65844,0.65872,1.50,1.00
2015.11.06 12:00:33.017,0.65845,0.6587,1.00,1.00
2015.11.06 12:00:34.495,0.65844,0.6587,1.50,1.00
2015.11.06 12:00:35.140,0.65845,0.65872,1.00,1.00
2015.11.06 12:00:35.191,0.6585,0.65872,1.00,1.00
2015.11.06 12:00:35.375,0.65847,0.65872,1.00,1.00
2015.11.06 12:00:35.894,0.65846,0.65872,1.00,1.00
2015.11.06 12:00:36.275,0.65849,0.65873,1.00,1.00
2015.11.06 12:00:36.376,0.6585,0.65875,1.00,1.00
2015.11.06 12:00:36.585,0.65848,0.65875,1.00,1.00
2015.11.06 12:00:37.133,0.65849,0.65875,1.00,1.00
2015.11.06 12:00:38.005,0.65846,0.65875,1.00,1.00
2015.11.06 12:00:38.564,0.65849,0.65875,1.00,1.00
2015.11.06 12:00:44.285,0.6585,0.65875,1.00,1.00
2015.11.06 12:00:44.724,0.65847,0.65875,1.00,1.00
2015.11.06 12:00:45.595,0.65845,0.65875,1.00,1.50
2015.11.06 12:00:46.073,0.65847,0.65875,1.00,1.00
2015.11.06 12:00:46.959,0.6585,0.65875,1.00,1.00
2015.11.06 12:00:49.554,0.6585,0.65873,1.00,1.00
2015.11.06 12:00:49.604,0.65845,0.65873,1.00,1.00
2015.11.06 12:00:49.805,0.65842,0.6587,1.00,1.00
2015.11.06 12:00:50.132,0.65844,0.6587,1.00,1.00
2015.11.06 12:00:50.547,0.65843,0.65873,1.00,1.50
2015.11.06 12:00:55.211,0.65844,0.65872,1.00,1.00
2015.11.06 12:00:58.682,0.65843,0.65871,1.00,1.00
2015.11.06 12:00:59.125,0.65841,0.65871,1.00,1.00
2015.11.06 12:00:59.233,0.6584,0.65869,1.00,1.00
2015.11.06 12:01:01.232,0.65841,0.6587,1.00,1.00
2015.11.06 12:01:01.812,0.65842,0.65871,1.00,1.50
2015.11.06 12:01:02.422,0.65842,0.6587,1.00,1.00
2015.11.06 12:01:04.293,0.65841,0.65871,1.00,1.50
2015.11.06 12:01:08.025,0.65842,0.65871,1.00,1.00
2015.11.06 12:01:08.584,0.65841,0.65869,1.00,1.00
2015.11.06 12:01:08.912,0.65841,0.65871,1.00,1.00
2015.11.06 12:01:11.418,0.65842,0.65871,1.00,1.00
2015.11.06 12:01:13.568,0.65842,0.65872,1.50,1.00
2015.11.06 12:01:15.447,0.65842,0.65871,1.50,1.00
2015.11.06 12:01:15.630,0.65844,0.65871,1.00,1.00
2015.11.06 12:01:16.131,0.65844,0.65872,1.00,1.00
2015.11.06 12:01:17.272,0.65844,0.65873,1.00,1.00
2015.11.06 12:01:18.087,0.65843,0.65872,1.00,1.00
2015.11.06 12:01:18.733,0.65844,0.65873,1.00,1.00
2015.11.06 12:01:20.153,0.65843,0.65873,1.00,1.50
2015.11.06 12:01:21.012,0.65842,0.65871,1.00,1.00
2015.11.06 12:01:21.694,0.65842,0.65872,1.50,1.00
2015.11.06 12:01:22.662,0.65843,0.65873,1.00,1.00
2015.11.06 12:01:22.997,0.65847,0.65874,1.00,1.00
2015.11.06 12:01:23.127,0.65845,0.65875,1.00,2.25
2015.11.06 12:01:23.698,0.65845,0.65874,1.00,1.00
2015.11.06 12:01:24.199,0.65845,0.65875,1.00,1.50
2015.11.06 12:01:24.901,0.65847,0.65874,1.00,1.00
2015.11.06 12:01:26.073,0.65847,0.65876,1.00,1.00
2015.11.06 12:01:26.224,0.6585,0.65877,1.00,1.00
2015.11.06 12:01:26.294,0.65853,0.65881,1.00,1.00
2015.11.06 12:01:27.282,0.65851,0.6588,1.00,1.00
2015.11.06 12:01:30.032,0.6585,0.6588,1.00,1.50
2015.11.06 12:01:32.231,0.65851,0.6588,1.00,1.00
2015.11.06 12:01:32.735,0.65851,0.65879,1.00,1.00
2015.11.06 12:01:33.445,0.65851,0.6588,1.00,1.00
2015.11.06 12:01:35.861,0.6585,0.6588,1.00,1.50
2015.11.06 12:01:39.162,0.65851,0.6588,1.00,1.00
2015.11.06 12:01:42.408,0.65851,0.65881,1.00,1.50
2015.11.06 12:01:43.110,0.6585,0.6588,1.00,1.00
2015.11.06 12:01:44.224,0.65851,0.65881,1.00,1.50
2015.11.06 12:01:44.787,0.65849,0.65876,1.50,1.00
2015.11.06 12:01:44.911,0.65853,0.65882,1.00,1.00
2015.11.06 12:01:45.727,0.65852,0.65881,1.00,1.00
2015.11.06 12:01:46.114,0.65854,0.65881,1.00,1.00
2015.11.06 12:01:46.768,0.65853,0.6588,1.00,1.00
2015.11.06 12:01:47.103,0.65854,0.65883,1.00,1.00
2015.11.06 12:01:47.416,0.65854,0.65881,1.00,1.00
2015.11.06 12:01:47.961,0.65853,0.6588,1.00,1.00
2015.11.06 12:01:48.469,0.65853,0.65881,1.00,1.00
2015.11.06 12:01:49.521,0.65853,0.65883,1.00,1.00
2015.11.06 12:01:51.969,0.65852,0.65881,1.00,1.50
2015.11.06 12:01:52.278,0.65851,0.65879,1.00,1.00
2015.11.06 12:01:53.902,0.65852,0.65882,1.00,1.00
2015.11.06 12:01:54.501,0.65853,0.65883,1.00,1.00
2015.11.06 12:01:55.034,0.65854,0.65884,1.00,1.00
2015.11.06 12:01:55.493,0.65858,0.65886,1.00,1.50
2015.11.06 12:01:55.794,0.65854,0.65882,1.00,1.00
2015.11.06 12:01:55.992,0.65852,0.65882,1.00,1.00
2015.11.06 12:01:57.127,0.65853,0.65883,1.00,1.00
2015.11.06 12:01:58.192,0.65853,0.65881,1.00,1.00
2015.11.06 12:01:59.181,0.65852,0.65882,1.00,1.00
2015.11.06 12:02:02.552,0.65854,0.65882,1.00,1.00
2015.11.06 12:02:02.603,0.65855,0.65884,1.00,1.00
2015.11.06 12:02:02.703,0.65859,0.65889,1.00,1.00
2015.11.06 12:02:03.055,0.65864,0.65893,1.00,1.00
2015.11.06 12:02:03.501,0.65861,0.65889,1.00,1.00
2015.11.06 12:02:03.714,0.65859,0.65889,1.00,1.00
2015.11.06 12:02:03.956,0.65861,0.6589,1.00,1.50
2015.11.06 12:02:04.304,0.65861,0.65888,1.00,1.00
2015.11.06 12:02:05.783,0.65862,0.6589,1.00,1.00
2015.11.06 12:02:06.374,0.65864,0.65891,1.00,1.00
2015.11.06 12:02:06.475,0.65865,0.65895,1.00,2.25
2015.11.06 12:02:06.585,0.65865,0.65891,1.00,1.00
2015.11.06 12:02:06.686,0.6586,0.65887,1.00,1.00
2015.11.06 12:02:07.166,0.65857,0.65887,1.00,1.00
2015.11.06 12:02:07.432,0.65859,0.65886,1.00,1.00
2015.11.06 12:02:07.618,0.65859,0.65888,1.00,1.00
2015.11.06 12:02:07.669,0.65858,0.65886,1.00,1.00
2015.11.06 12:02:08.332,0.6586,0.65888,1.00,1.00
2015.11.06 12:02:08.752,0.65861,0.6589,1.00,1.00
2015.11.06 12:02:09.191,0.65859,0.65889,1.00,1.00
2015.11.06 12:02:09.859,0.65861,0.6589,1.00,1.00
2015.11.06 12:02:10.368,0.6586,0.6589,1.00,1.00
2015.11.06 12:02:10.727,0.65859,0.65888,1.00,1.00
2015.11.06 12:02:11.285,0.65858,0.65888,1.50,1.00
2015.11.06 12:02:11.588,0.65855,0.65884,1.50,1.00
2015.11.06 12:02:11.933,0.65854,0.65882,1.00,1.00
2015.11.06 12:02:12.266,0.6585,0.65878,1.50,1.00
2015.11.06 12:02:12.945,0.65852,0.6588,1.00,1.00
2015.11.06 12:02:13.046,0.65853,0.65883,1.00,1.00
2015.11.06 12:02:13.595,0.65854,0.65884,1.00,1.00
2015.11.06 12:02:14.707,0.65855,0.65885,1.00,1.00
2015.11.06 12:02:15.034,0.65855,0.65882,1.50,1.00
2015.11.06 12:02:15.351,0.65852,0.65879,1.00,1.00
2015.11.06 12:02:15.913,0.65852,0.65881,1.00,1.00
2015.11.06 12:02:16.239,0.6585,0.65879,1.50,1.00
2015.11.06 12:02:16.706,0.6585,0.65877,1.00,1.00
2015.11.06 12:02:17.110,0.65852,0.65881,1.00,1.00
2015.11.06 12:02:17.909,0.6585,0.65879,1.50,1.00
2015.11.06 12:02:19.210,0.65853,0.65881,1.00,1.00
2015.11.06 12:02:19.544,0.65855,0.65884,1.00,1.00
2015.11.06 12:02:20.064,0.65854,0.65883,1.00,1.00
2015.11.06 12:02:20.215,0.65855,0.65885,1.00,1.50
2015.11.06 12:02:20.316,0.65854,0.65882,1.00,1.00
2015.11.06 12:02:20.594,0.65852,0.65881,1.50,1.50
2015.11.06 12:02:21.118,0.6585,0.65879,1.00,1.00
2015.11.06 12:02:21.661,0.6585,0.6588,1.50,1.00
2015.11.06 12:02:22.420,0.6585,0.65878,1.50,1.00
2015.11.06 12:02:22.631,0.6585,0.6588,1.00,1.00
2015.11.06 12:02:24.041,0.65849,0.65879,1.50,1.00
2015.11.06 12:02:24.630,0.65848,0.65878,1.50,1.00
2015.11.06 12:02:24.833,0.65848,0.65876,1.50,1.00
2015.11.06 12:02:24.933,0.65851,0.6588,1.00,1.00
2015.11.06 12:02:25.034,0.65849,0.65879,1.00,1.00
2015.11.06 12:02:25.142,0.65847,0.65875,1.50,1.00
2015.11.06 12:02:25.487,0.65848,0.65877,1.00,1.00
2015.11.06 12:02:25.588,0.65846,0.65873,1.00,1.00
2015.11.06 12:02:25.800,0.65844,0.65873,2.25,1.00
2015.11.06 12:02:27.029,0.65843,0.65871,1.00,1.00
2015.11.06 12:02:27.130,0.65841,0.65871,1.00,1.00
2015.11.06 12:02:27.381,0.65839,0.65869,1.50,1.00
2015.11.06 12:02:27.716,0.65841,0.65869,1.00,1.00
2015.11.06 12:02:28.330,0.65841,0.65871,1.00,1.00
2015.11.06 12:02:30.761,0.65844,0.65873,1.00,1.50
2015.11.06 12:02:31.301,0.65842,0.65871,1.00,1.00
2015.11.06 12:02:33.390,0.65842,0.65872,1.00,1.00
2015.11.06 12:02:33.913,0.65841,0.65871,1.50,1.00
2015.11.06 12:02:35.318,0.65841,0.6587,1.00,1.00
2015.11.06 12:02:36.059,0.6584,0.6587,1.00,1.00
2015.11.06 12:02:37.469,0.65841,0.65871,1.00,1.00
2015.11.06 12:02:38.909,0.65844,0.65871,1.00,1.00
2015.11.06 12:02:39.331,0.65848,0.65875,1.00,1.00
2015.11.06 12:02:39.441,0.65846,0.65875,1.00,1.00
2015.11.06 12:02:39.692,0.65842,0.65872,1.00,1.00
2015.11.06 12:02:40.210,0.65841,0.65871,1.00,1.00
2015.11.06 12:02:40.431,0.65844,0.65872,1.00,1.00
2015.11.06 12:02:40.767,0.65849,0.65875,1.00,1.00
2015.11.06 12:02:40.981,0.6585,0.65879,1.00,1.00
2015.11.06 12:02:41.991,0.65849,0.65879,1.50,1.00
2015.11.06 12:02:42.213,0.65848,0.65876,1.00,1.00
2015.11.06 12:02:42.699,0.65846,0.65876,1.00,1.00
2015.11.06 12:02:43.185,0.65848,0.65877,1.00,1.00
2015.11.06 12:02:43.336,0.6585,0.6588,1.00,1.00
2015.11.06 12:02:43.512,0.65853,0.65881,1.00,1.00
2015.11.06 12:02:44.191,0.65851,0.65881,1.50,1.00
2015.11.06 12:02:45.231,0.6585,0.65878,1.00,1.00
2015.11.06 12:02:45.841,0.65848,0.65878,1.00,1.00
2015.11.06 12:02:48.241,0.65848,0.65876,1.00,1.00
2015.11.06 12:02:48.945,0.65849,0.65876,1.00,1.00
2015.11.06 12:02:50.330,0.65847,0.65877,1.00,1.00
2015.11.06 12:02:51.820,0.65847,0.65875,1.00,1.00
2015.11.06 12:02:51.921,0.65845,0.65875,1.50,1.50
2015.11.06 12:02:52.121,0.65845,0.65873,1.00,1.00
2015.11.06 12:02:52.171,0.65843,0.65873,1.00,1.00
2015.11.06 12:02:52.222,0.65845,0.65875,1.50,1.00
2015.11.06 12:02:52.781,0.65846,0.65876,1.00,1.50
2015.11.06 12:02:53.091,0.65848,0.65876,1.00,1.00
2015.11.06 12:02:56.379,0.65847,0.65876,1.00,1.00
2015.11.06 12:02:56.910,0.65846,0.65876,1.00,1.00
2015.11.06 12:02:58.470,0.65848,0.65877,1.00,1.00
2015.11.06 12:02:58.786,0.65851,0.65879,1.00,1.00
2015.11.06 12:02:59.509,0.6585,0.65879,1.00,1.00
2015.11.06 12:03:00.038,0.65853,0.6588,1.00,1.00
2015.11.06 12:03:00.257,0.6585,0.65879,1.50,1.00
2015.11.06 12:03:00.383,0.6585,0.65875,1.00,1.00
2015.11.06 12:03:00.820,0.6585,0.65878,1.00,1.00
2015.11.06 12:03:01.701,0.65849,0.65875,1.00,1.00
2015.11.06 12:03:03.530,0.6585,0.65875,1.00,1.00
2015.11.06 12:03:03.580,0.6585,0.6588,1.50,1.00
2015.11.06 12:03:03.749,0.65852,0.6588,1.00,1.00
2015.11.06 12:03:04.001,0.65853,0.65883,1.00,1.50
2015.11.06 12:03:04.512,0.65852,0.65882,1.00,1.00
2015.11.06 12:03:05.070,0.6585,0.6588,2.25,1.00
2015.11.06 12:03:05.702,0.6585,0.65879,1.00,1.00
2015.11.06 12:03:08.121,0.65849,0.65879,1.50,1.00
2015.11.06 12:03:08.496,0.65849,0.65875,1.00,1.00
2015.11.06 12:03:08.831,0.6585,0.6588,1.00,1.00
2015.11.06 12:03:09.032,0.65852,0.65882,1.00,1.00
2015.11.06 12:03:09.610,0.65853,0.65883,1.00,1.00
2015.11.06 12:03:10.813,0.65852,0.65882,1.00,1.00
2015.11.06 12:03:11.372,0.65853,0.65882,1.00,1.00
2015.11.06 12:03:12.029,0.65853,0.65883,1.00,1.00
2015.11.06 12:03:12.366,0.65851,0.65879,1.00,1.00
2015.11.06 12:03:12.550,0.65849,0.65878,2.25,1.00
2015.11.06 12:03:12.806,0.65852,0.65879,1.00,1.00
2015.11.06 12:03:13.209,0.6585,0.65879,1.50,1.00
2015.11.06 12:03:15.091,0.65851,0.6588,1.00,1.00
2015.11.06 12:03:15.192,0.65856,0.6588,1.00,1.00
2015.11.06 12:03:15.430,0.65852,0.6588,1.00,1.50
2015.11.06 12:03:15.661,0.65853,0.65882,1.00,1.00
2015.11.06 12:03:19.382,0.65853,0.65883,1.00,1.00
2015.11.06 12:03:20.726,0.65855,0.65884,1.00,1.00
2015.11.06 12:03:21.333,0.65857,0.65886,1.50,1.50
2015.11.06 12:03:23.770,0.65857,0.65885,1.50,1.00
2015.11.06 12:03:24.541,0.65858,0.65888,1.00,1.00
2015.11.06 12:03:25.091,0.6586,0.65889,1.00,1.00
2015.11.06 12:03:25.909,0.65859,0.65889,1.00,1.00
2015.11.06 12:03:26.664,0.65858,0.65888,1.00,1.00
2015.11.06 12:03:27.512,0.65857,0.65885,1.00,1.00
2015.11.06 12:03:31.359,0.65856,0.65886,1.00,1.50
2015.11.06 12:03:34.827,0.6586,0.65886,1.00,1.00
2015.11.06 12:03:35.031,0.65857,0.65887,1.00,1.00
2015.11.06 12:03:35.099,0.65857,0.65885,1.00,1.00
2015.11.06 12:03:37.741,0.65855,0.65885,1.00,1.00
2015.11.06 12:03:38.317,0.65855,0.65883,1.00,1.00
2015.11.06 12:03:38.435,0.65853,0.65882,1.00,1.00
2015.11.06 12:03:40.304,0.65853,0.65883,1.00,1.00
2015.11.06 12:03:40.676,0.65855,0.65883,1.00,1.00
2015.11.06 12:03:41.179,0.65854,0.65884,1.50,1.00
2015.11.06 12:03:41.680,0.65855,0.65884,1.00,1.00
2015.11.06 12:03:42.126,0.65855,0.6588,1.00,1.00
2015.11.06 12:03:43.030,0.65854,0.6588,1.00,1.00
2015.11.06 12:03:45.440,0.65854,0.65881,1.00,1.00
2015.11.06 12:03:48.120,0.65853,0.65881,1.00,1.50
2015.11.06 12:03:50.763,0.65854,0.65881,1.00,1.50
2015.11.06 12:03:52.301,0.65854,0.6588,1.00,1.00
2015.11.06 12:03:52.849,0.65854,0.65881,1.00,1.50
2015.11.06 12:03:55.593,0.65852,0.6588,1.00,1.00
2015.11.06 12:03:55.775,0.6585,0.65878,1.00,1.00
2015.11.06 12:03:58.894,0.65849,0.65877,1.00,1.00
2015.11.06 12:03:59.191,0.65838,0.65868,1.00,1.00
2015.11.06 12:03:59.342,0.65832,0.6586,1.00,1.00
2015.11.06 12:03:59.443,0.6583,0.6586,1.00,1.00
2015.11.06 12:03:59.886,0.6583,0.65857,1.00,1.00
2015.11.06 12:04:00.411,0.65829,0.65857,1.00,1.00
2015.11.06 12:04:00.752,0.65829,0.65859,1.50,1.00
2015.11.06 12:04:02.971,0.6583,0.65859,1.00,1.00
2015.11.06 12:04:04.178,0.6583,0.65858,1.00,1.00
2015.11.06 12:04:04.754,0.65829,0.65858,1.50,1.00
2015.11.06 12:04:04.805,0.6583,0.6586,1.00,1.00
2015.11.06 12:04:05.713,0.65829,0.65856,1.00,1.00
2015.11.06 12:04:05.763,0.65827,0.65856,1.00,1.00
2015.11.06 12:04:06.120,0.65825,0.65855,1.00,1.00
2015.11.06 12:04:07.468,0.65828,0.65855,1.00,1.00
2015.11.06 12:04:08.525,0.65826,0.65854,1.00,1.00
2015.11.06 12:04:10.958,0.65825,0.65852,1.50,1.00
2015.11.06 12:04:11.209,0.65824,0.65854,1.50,1.00
2015.11.06 12:04:13.632,0.65824,0.65853,1.50,1.00
2015.11.06 12:04:14.300,0.65825,0.65853,1.00,1.00
2015.11.06 12:04:15.338,0.65824,0.65853,1.00,1.00
2015.11.06 12:04:15.389,0.65823,0.65851,1.00,1.00
2015.11.06 12:04:15.890,0.65823,0.65852,1.00,1.00
2015.11.06 12:04:17.709,0.65823,0.65851,1.00,1.00
2015.11.06 12:04:18.210,0.65822,0.65851,1.00,1.00
2015.11.06 12:04:18.700,0.65825,0.65852,1.00,1.00
2015.11.06 12:04:19.029,0.65822,0.65851,1.00,1.00
2015.11.06 12:04:21.483,0.65824,0.65852,1.00,1.00
2015.11.06 12:04:21.998,0.65822,0.65851,1.00,1.00
2015.11.06 12:04:22.099,0.65824,0.65851,1.00,1.00
2015.11.06 12:04:22.299,0.65824,0.65853,1.50,1.00
2015.11.06 12:04:29.134,0.65827,0.65855,1.00,1.00
2015.11.06 12:04:29.235,0.6583,0.65859,1.00,1.00
2015.11.06 12:04:29.553,0.6583,0.65857,1.00,1.00
2015.11.06 12:04:34.298,0.65828,0.65858,1.00,1.00
2015.11.06 12:04:34.963,0.65829,0.65859,1.00,1.00
2015.11.06 12:04:39.965,0.65828,0.65858,1.00,1.00
2015.11.06 12:04:40.735,0.65826,0.65855,1.00,1.00
2015.11.06 12:04:41.565,0.65827,0.65856,1.00,1.00
2015.11.06 12:04:48.610,0.65827,0.65857,1.00,1.00
2015.11.06 12:04:55.098,0.65828,0.65855,1.00,1.00
2015.11.06 12:04:55.601,0.65827,0.65856,1.00,1.00
2015.11.06 12:05:01.037,0.65827,0.65857,1.00,1.00
2015.11.06 12:05:04.448,0.65828,0.65855,1.00,1.00
2015.11.06 12:05:05.253,0.65826,0.65853,1.00,1.00
2015.11.06 12:05:05.598,0.65824,0.65851,1.00,1.00
2015.11.06 12:05:05.699,0.6582,0.65849,1.00,1.00
2015.11.06 12:05:06.468,0.65823,0.6585,1.00,1.00
2015.11.06 12:05:09.950,0.65824,0.65851,1.00,1.00
2015.11.06 12:05:10.278,0.65824,0.65854,1.00,1.50
2015.11.06 12:05:10.914,0.65823,0.65853,1.00,1.00
2015.11.06 12:05:11.197,0.65825,0.65854,1.00,1.00
2015.11.06 12:05:11.519,0.65833,0.6586,1.00,1.50
2015.11.06 12:05:11.869,0.65834,0.65862,1.00,1.00
2015.11.06 12:05:12.080,0.65832,0.65861,1.00,1.00
2015.11.06 12:05:13.248,0.65835,0.65862,1.00,1.00
2015.11.06 12:05:13.578,0.65833,0.65862,1.00,1.00
2015.11.06 12:05:13.798,0.65835,0.65862,1.00,1.00
2015.11.06 12:05:13.908,0.65833,0.65862,1.00,1.00
2015.11.06 12:05:14.568,0.65835,0.65862,1.00,1.00
2015.11.06 12:05:16.220,0.65832,0.65862,1.00,1.00
2015.11.06 12:05:16.576,0.65833,0.6586,1.00,1.00
2015.11.06 12:05:17.082,0.65832,0.6586,1.00,1.00
2015.11.06 12:05:17.620,0.65832,0.65859,1.00,1.00
2015.11.06 12:05:18.676,0.65832,0.65861,1.00,1.00
2015.11.06 12:05:19.318,0.65835,0.65862,1.00,1.00
2015.11.06 12:05:19.519,0.65836,0.65865,1.00,1.00
2015.11.06 12:05:20.218,0.65835,0.65864,1.00,1.00
2015.11.06 12:05:20.559,0.65835,0.65862,1.00,1.00
2015.11.06 12:05:20.610,0.65833,0.65862,1.00,1.00
2015.11.06 12:05:21.250,0.65832,0.65861,1.00,1.00
2015.11.06 12:05:23.809,0.65833,0.65862,1.00,1.00
2015.11.06 12:05:27.254,0.65834,0.65862,1.00,1.00
2015.11.06 12:05:27.354,0.65836,0.65866,1.00,1.00
2015.11.06 12:05:28.098,0.65838,0.65867,1.00,1.00
2015.11.06 12:05:28.350,0.6584,0.6587,1.00,1.50
2015.11.06 12:05:28.891,0.65841,0.65871,1.00,2.25
2015.11.06 12:05:29.409,0.65842,0.65872,1.00,1.50
2015.11.06 12:05:30.128,0.65842,0.65871,1.00,1.00
2015.11.06 12:05:30.450,0.65843,0.65873,1.00,1.00
2015.11.06 12:05:30.551,0.65846,0.65874,1.00,1.00
2015.11.06 12:05:30.651,0.65846,0.65876,1.00,2.25
2015.11.06 12:05:30.752,0.65844,0.65874,1.00,1.00
2015.11.06 12:05:31.137,0.65846,0.65876,1.00,2.25
2015.11.06 12:05:31.439,0.65841,0.6587,1.00,1.00
2015.11.06 12:05:32.142,0.65841,0.65869,1.00,1.00
2015.11.06 12:05:32.388,0.65839,0.65868,1.00,1.00
2015.11.06 12:05:32.903,0.65839,0.65867,1.00,1.00
2015.11.06 12:05:34.504,0.65838,0.65866,1.00,1.00
2015.11.06 12:05:38.989,0.65836,0.65866,1.00,1.00
2015.11.06 12:05:40.527,0.65837,0.65867,1.00,1.00
2015.11.06 12:05:45.286,0.65837,0.65866,1.00,1.00
2015.11.06 12:05:45.491,0.65838,0.65868,1.00,1.00
2015.11.06 12:05:45.742,0.65836,0.65866,1.00,1.00
2015.11.06 12:05:46.077,0.6584,0.65868,1.00,1.00
2015.11.06 12:05:48.939,0.6584,0.65865,1.00,1.00
2015.11.06 12:05:49.040,0.65838,0.65865,1.00,1.00
2015.11.06 12:05:49.437,0.65835,0.65865,1.00,1.00
2015.11.06 12:05:51.238,0.65836,0.65866,1.00,1.50
2015.11.06 12:05:51.894,0.65839,0.65869,1.50,1.00
2015.11.06 12:05:52.408,0.65839,0.65868,1.00,1.00
2015.11.06 12:05:52.729,0.65838,0.65866,1.00,1.00
2015.11.06 12:05:53.339,0.65838,0.65865,1.00,1.00
2015.11.06 12:05:53.440,0.65835,0.65865,1.00,1.50
2015.11.06 12:05:54.219,0.65836,0.65866,1.00,2.25
2015.11.06 12:05:54.718,0.65834,0.65864,1.00,1.00
2015.11.06 12:05:56.258,0.65833,0.65861,1.00,1.00
2015.11.06 12:05:56.369,0.65833,0.65863,1.00,1.00
2015.11.06 12:05:56.978,0.65834,0.65864,1.00,1.50
2015.11.06 12:05:57.305,0.65833,0.6586,1.00,1.00
2015.11.06 12:05:57.629,0.65833,0.65863,1.00,1.00
2015.11.06 12:05:58.348,0.65834,0.65864,1.00,1.00
2015.11.06 12:06:00.340,0.65835,0.65863,1.00,1.00
2015.11.06 12:06:01.215,0.65837,0.65864,1.00,1.00
2015.11.06 12:06:01.537,0.65838,0.65866,1.00,1.00
2015.11.06 12:06:01.845,0.65844,0.65867,1.00,1.00
2015.11.06 12:06:01.896,0.65844,0.6587,1.00,1.00
2015.11.06 12:06:02.028,0.65849,0.65871,1.00,1.00
2015.11.06 12:06:02.128,0.65849,0.65876,1.50,1.00
2015.11.06 12:06:02.229,0.6585,0.65879,1.00,1.00
2015.11.06 12:06:02.747,0.65852,0.65881,1.00,2.25
2015.11.06 12:06:03.517,0.65851,0.6588,1.00,1.00
2015.11.06 12:06:03.819,0.65845,0.65874,1.00,1.00
2015.11.06 12:06:04.631,0.65848,0.65875,1.00,1.00
2015.11.06 12:06:05.227,0.65848,0.65876,1.00,1.00
2015.11.06 12:06:06.100,0.65848,0.65877,1.00,1.50
2015.11.06 12:06:07.037,0.65847,0.65876,1.00,1.00
2015.11.06 12:06:09.920,0.65847,0.65877,1.00,1.50
2015.11.06 12:06:12.808,0.65847,0.65876,1.00,1.00
2015.11.06 12:06:13.437,0.65848,0.65876,1.00,1.50
2015.11.06 12:06:15.066,0.65847,0.65876,1.00,1.00
2015.11.06 12:06:15.481,0.65847,0.65872,1.00,1.00
2015.11.06 12:06:17.268,0.65846,0.65872,1.00,1.00
2015.11.06 12:06:20.278,0.65847,0.65872,1.00,1.00
2015.11.06 12:06:22.225,0.65846,0.65872,1.00,1.00
2015.11.06 12:06:22.987,0.65847,0.65872,1.00,1.00
2015.11.06 12:06:24.307,0.65846,0.65872,1.00,1.00
2015.11.06 12:06:25.114,0.65847,0.65872,1.00,1.00
2015.11.06 12:06:26.274,0.65847,0.65873,1.00,1.00
2015.11.06 12:06:26.836,0.65846,0.65873,1.00,1.00
2015.11.06 12:06:27.499,0.65847,0.65873,1.00,1.00
2015.11.06 12:06:28.193,0.65845,0.65873,1.00,1.00
2015.11.06 12:06:28.647,0.65844,0.6587,1.00,1.00
2015.11.06 12:06:29.178,0.65844,0.65871,1.00,1.00
2015.11.06 12:06:29.536,0.65847,0.65874,1.00,1.00
2015.11.06 12:06:29.867,0.6585,0.65875,1.00,1.00
2015.11.06 12:06:29.918,0.6585,0.65878,1.00,1.00
2015.11.06 12:06:31.897,0.65851,0.65878,1.00,1.00
2015.11.06 12:06:33.477,0.65851,0.65879,1.00,1.00
2015.11.06 12:06:34.557,0.65852,0.65879,1.00,1.00
2015.11.06 12:06:35.194,0.65852,0.65881,1.00,1.50
2015.11.06 12:06:36.186,0.65852,0.65879,1.00,1.00
2015.11.06 12:06:36.347,0.65849,0.65878,1.00,1.00
2015.11.06 12:06:36.611,0.65848,0.65876,1.00,1.00
2015.11.06 12:06:37.004,0.6585,0.65876,1.00,1.00
2015.11.06 12:06:39.089,0.65852,0.65876,1.00,1.00
2015.11.06 12:06:39.168,0.65852,0.65878,1.00,1.00
2015.11.06 12:06:39.269,0.6585,0.65878,1.00,1.00
2015.11.06 12:06:41.356,0.65849,0.65878,1.00,1.00
2015.11.06 12:06:57.577,0.65847,0.65877,1.00,1.00
2015.11.06 12:06:57.939,0.6585,0.65878,1.00,1.50
2015.11.06 12:06:59.789,0.6585,0.65876,1.00,1.00
2015.11.06 12:06:59.839,0.65848,0.65876,1.00,1.00
2015.11.06 12:07:00.338,0.6585,0.65877,1.00,1.50
2015.11.06 12:07:00.556,0.65847,0.65875,1.00,1.00
2015.11.06 12:07:01.106,0.65849,0.65877,1.00,1.50
2015.11.06 12:07:01.546,0.65847,0.65876,1.00,1.00
2015.11.06 12:07:01.766,0.6585,0.65877,1.00,1.00
2015.11.06 12:07:01.967,0.65854,0.65882,1.00,1.50
2015.11.06 12:07:02.677,0.65852,0.65882,1.00,1.50
2015.11.06 12:07:02.806,0.65855,0.65882,1.00,1.00
2015.11.06 12:07:03.322,0.65854,0.65882,1.00,1.00
2015.11.06 12:07:03.951,0.65854,0.65883,1.00,1.00
2015.11.06 12:07:05.477,0.65854,0.65884,1.00,1.00
2015.11.06 12:07:05.978,0.65855,0.65883,1.50,1.00
2015.11.06 12:07:06.314,0.65853,0.65881,1.00,1.00
2015.11.06 12:07:06.545,0.65854,0.65884,1.00,1.00
2015.11.06 12:07:07.080,0.65855,0.65883,1.00,1.00
2015.11.06 12:07:08.387,0.65855,0.65882,1.00,1.00
2015.11.06 12:07:08.527,0.65852,0.6588,1.00,1.00
2015.11.06 12:07:08.896,0.6585,0.6588,1.00,1.50
2015.11.06 12:07:09.723,0.65849,0.65879,1.00,1.00
2015.11.06 12:07:11.165,0.65851,0.65879,1.00,1.00
2015.11.06 12:07:12.268,0.65851,0.65881,1.00,1.50
2015.11.06 12:07:12.992,0.65852,0.65881,1.00,1.00
2015.11.06 12:07:14.555,0.65853,0.6588,1.00,1.00
2015.11.06 12:07:16.095,0.65853,0.65881,1.00,1.00
2015.11.06 12:07:18.186,0.65852,0.65881,1.00,1.50
2015.11.06 12:07:18.805,0.65852,0.65878,1.00,1.00
2015.11.06 12:07:18.856,0.65849,0.65876,1.00,1.00
2015.11.06 12:07:18.907,0.65849,0.65874,1.00,1.00
2015.11.06 12:07:19.108,0.65847,0.65874,1.00,1.50
2015.11.06 12:07:19.209,0.65849,0.65876,1.00,1.00
2015.11.06 12:07:19.586,0.65847,0.65874,1.00,1.00
2015.11.06 12:07:19.637,0.65844,0.65873,1.50,1.00
2015.11.06 12:07:19.847,0.65848,0.65876,1.00,1.00
2015.11.06 12:07:20.235,0.65847,0.65874,1.00,1.00
2015.11.06 12:07:20.285,0.65848,0.65877,1.00,1.50
2015.11.06 12:07:20.544,0.65846,0.65875,1.00,1.00
2015.11.06 12:07:21.046,0.65845,0.65872,1.00,1.00
2015.11.06 12:07:21.412,0.65849,0.65876,1.00,1.50
2015.11.06 12:07:21.595,0.65845,0.65874,1.00,1.00
2015.11.06 12:07:21.706,0.65847,0.65876,1.00,1.50
2015.11.06 12:07:22.036,0.65847,0.65874,1.00,1.00
2015.11.06 12:07:22.954,0.65847,0.65876,1.00,1.00
2015.11.06 12:07:24.785,0.65844,0.65873,1.50,1.00
2015.11.06 12:07:26.122,0.65845,0.65873,1.00,1.00
2015.11.06 12:07:27.175,0.65844,0.65873,1.00,1.00
2015.11.06 12:07:30.475,0.65845,0.65873,1.00,1.00
2015.11.06 12:07:31.276,0.65845,0.65872,1.00,1.00
2015.11.06 12:07:33.036,0.65845,0.65874,1.00,1.00
2015.11.06 12:07:33.187,0.65847,0.65876,1.00,1.00
2015.11.06 12:07:33.503,0.65849,0.65876,1.50,1.00
2015.11.06 12:07:34.057,0.6585,0.65876,1.00,1.00
2015.11.06 12:07:34.575,0.6585,0.65879,1.00,1.50
2015.11.06 12:07:36.445,0.65849,0.65877,1.00,1.00
2015.11.06 12:07:37.217,0.65849,0.65878,1.50,1.00
2015.11.06 12:07:40.514,0.65851,0.65878,1.00,1.00
2015.11.06 12:07:41.319,0.6585,0.65877,1.00,1.00
2015.11.06 12:07:41.671,0.65849,0.65874,1.00,1.00
2015.11.06 12:07:41.822,0.65847,0.65874,1.00,1.00
2015.11.06 12:07:42.026,0.6585,0.65873,1.00,1.00
2015.11.06 12:07:42.355,0.65846,0.65873,1.00,1.00
2015.11.06 12:07:43.156,0.65846,0.65874,1.00,1.50
2015.11.06 12:07:43.780,0.65846,0.65875,1.00,1.00
2015.11.06 12:07:44.593,0.65848,0.65875,1.00,1.00
2015.11.06 12:07:44.783,0.65848,0.65877,1.00,1.50
2015.11.06 12:07:44.924,0.6585,0.65877,1.00,1.00
2015.11.06 12:07:44.974,0.6585,0.65879,1.00,1.50
2015.11.06 12:07:45.364,0.65852,0.65879,1.00,1.50
2015.11.06 12:07:45.583,0.65848,0.65878,1.00,1.00
2015.11.06 12:07:46.243,0.65848,0.65876,1.00,1.00
2015.11.06 12:07:46.573,0.65849,0.65872,1.00,1.00
2015.11.06 12:07:46.674,0.65844,0.65872,1.00,1.00
2015.11.06 12:07:46.909,0.65844,0.6587,1.00,1.00
2015.11.06 12:07:47.446,0.65845,0.65869,1.00,1.00
2015.11.06 12:07:48.884,0.65845,0.65868,1.00,1.00
2015.11.06 12:07:49.065,0.65842,0.65868,1.00,1.00
2015.11.06 12:07:49.343,0.65841,0.65866,1.00,1.00
2015.11.06 12:07:49.672,0.65839,0.65866,1.00,1.00
2015.11.06 12:07:49.755,0.65841,0.65866,1.00,1.00
2015.11.06 12:07:50.205,0.65839,0.65866,1.00,1.00
2015.11.06 12:07:54.843,0.65842,0.65868,1.00,1.00
2015.11.06 12:07:55.186,0.65845,0.65868,1.00,1.00
2015.11.06 12:07:55.575,0.65841,0.65868,1.00,1.00
2015.11.06 12:07:55.926,0.65842,0.6587,1.00,1.50
2015.11.06 12:07:56.111,0.65844,0.6587,1.00,1.50
2015.11.06 12:07:56.815,0.65843,0.6587,1.00,1.00
2015.11.06 12:07:57.367,0.65842,0.65869,1.00,1.00
2015.11.06 12:07:57.714,0.65841,0.65867,1.00,1.00
2015.11.06 12:07:57.814,0.65839,0.65867,1.00,1.00
2015.11.06 12:07:58.816,0.65841,0.65867,1.00,1.00
2015.11.06 12:07:59.324,0.65839,0.65867,1.00,1.50
2015.11.06 12:08:03.394,0.65839,0.65865,1.00,1.00
2015.11.06 12:08:03.504,0.65839,0.65867,1.00,1.00
2015.11.06 12:08:04.833,0.65839,0.65865,1.00,1.00
2015.11.06 12:08:05.955,0.65839,0.65864,1.00,1.00
2015.11.06 12:08:06.774,0.65838,0.65864,1.00,1.00
2015.11.06 12:08:07.214,0.6584,0.65865,1.00,1.00
2015.11.06 12:08:08.172,0.6584,0.65862,1.00,1.00
2015.11.06 12:08:08.502,0.6584,0.65864,1.00,1.00
2015.11.06 12:08:08.689,0.65838,0.65864,1.00,1.00
2015.11.06 12:08:09.964,0.65839,0.65864,1.00,1.00
2015.11.06 12:08:11.064,0.65838,0.65864,1.00,1.00
2015.11.06 12:08:11.615,0.65839,0.65864,1.00,1.00
2015.11.06 12:08:12.384,0.65838,0.65864,1.00,1.00
2015.11.06 12:08:12.919,0.65838,0.65865,1.00,1.00
2015.11.06 12:08:13.070,0.65839,0.65867,1.00,1.00
2015.11.06 12:08:13.734,0.65841,0.65867,1.00,1.00
2015.11.06 12:08:13.954,0.65839,0.65867,1.50,1.00
2015.11.06 12:08:17.664,0.6584,0.65867,1.00,1.00
2015.11.06 12:08:18.271,0.65841,0.65867,1.00,1.00
2015.11.06 12:08:21.998,0.65839,0.65867,1.00,1.50
2015.11.06 12:08:22.114,0.65839,0.65865,1.00,1.00
2015.11.06 12:08:22.694,0.65839,0.65864,1.00,1.50
2015.11.06 12:08:22.745,0.65837,0.65864,1.00,1.50
2015.11.06 12:08:23.067,0.65839,0.65863,1.00,1.00
2015.11.06 12:08:23.133,0.65839,0.65865,1.00,1.00
2015.11.06 12:08:23.418,0.65834,0.65864,1.50,1.00
2015.11.06 12:08:23.950,0.65835,0.65863,1.00,1.00
2015.11.06 12:08:24.051,0.65839,0.65864,1.00,1.00
2015.11.06 12:08:24.255,0.65836,0.65864,1.00,1.50
2015.11.06 12:08:24.771,0.65835,0.65864,1.00,1.50
2015.11.06 12:08:25.064,0.65835,0.65862,1.00,1.00
2015.11.06 12:08:25.405,0.6584,0.65862,1.00,1.00
2015.11.06 12:08:25.696,0.65839,0.65866,1.00,1.50
2015.11.06 12:08:26.345,0.6584,0.65866,1.00,1.00
2015.11.06 12:08:26.785,0.65844,0.65866,1.00,1.00
2015.11.06 12:08:27.115,0.65839,0.65866,1.50,1.00
2015.11.06 12:08:28.252,0.65839,0.65864,1.00,1.00
2015.11.06 12:08:29.186,0.65839,0.65866,1.50,1.00
2015.11.06 12:08:30.084,0.6584,0.65866,1.00,1.00
2015.11.06 12:08:30.854,0.65839,0.65866,1.00,1.50
2015.11.06 12:08:30.905,0.65837,0.65863,1.00,1.00
2015.11.06 12:08:31.236,0.65839,0.65863,1.00,1.00
2015.11.06 12:08:32.064,0.65837,0.65863,1.00,1.00
2015.11.06 12:08:34.339,0.65835,0.65863,1.00,1.00
2015.11.06 12:08:35.106,0.65836,0.65863,1.00,1.00
2015.11.06 12:08:35.281,0.6584,0.65863,1.00,1.00
2015.11.06 12:08:35.941,0.65839,0.65863,1.00,1.00
2015.11.06 12:08:37.125,0.6584,0.65863,1.00,1.00
2015.11.06 12:08:37.202,0.6584,0.65865,1.00,1.00
2015.11.06 12:08:37.765,0.65839,0.65865,1.00,1.50
2015.11.06 12:08:38.887,0.65837,0.65865,1.00,1.50
2015.11.06 12:08:39.088,0.65838,0.65863,1.00,1.00
2015.11.06 12:08:39.181,0.65836,0.65863,1.00,1.00
2015.11.06 12:08:40.343,0.6584,0.65863,1.00,1.00
2015.11.06 12:08:40.864,0.65836,0.65863,1.00,1.00
2015.11.06 12:08:41.331,0.6584,0.65863,1.00,1.00
2015.11.06 12:08:41.703,0.6584,0.65865,1.00,1.00
2015.11.06 12:08:43.763,0.6584,0.65863,1.00,1.00
2015.11.06 12:08:43.959,0.65834,0.65863,1.50,1.50
2015.11.06 12:08:44.138,0.65834,0.65861,1.00,1.00
2015.11.06 12:08:44.824,0.65835,0.65861,1.00,1.00
2015.11.06 12:08:45.136,0.65834,0.65859,1.00,1.00
2015.11.06 12:08:45.707,0.65835,0.65859,1.00,1.50
2015.11.06 12:08:46.117,0.65835,0.65863,1.50,1.50
2015.11.06 12:08:46.218,0.65835,0.65861,1.00,1.00
2015.11.06 12:08:46.419,0.65834,0.65863,1.00,1.50
2015.11.06 12:08:46.711,0.65835,0.65861,1.00,1.00
2015.11.06 12:08:47.836,0.65834,0.65863,1.50,1.50
2015.11.06 12:08:49.815,0.65835,0.65863,1.00,1.50
2015.11.06 12:08:50.589,0.65834,0.65863,1.50,1.50
2015.11.06 12:08:51.069,0.65836,0.65863,1.00,1.00
2015.11.06 12:08:51.575,0.6584,0.65863,1.00,1.00
2015.11.06 12:08:53.294,0.65839,0.65863,1.00,1.00
2015.11.06 12:08:53.405,0.65836,0.65863,1.00,1.00
2015.11.06 12:08:53.516,0.6584,0.65862,1.00,1.00
2015.11.06 12:08:53.667,0.65839,0.65865,1.00,1.00
2015.11.06 12:08:53.733,0.65837,0.65865,1.00,1.00
2015.11.06 12:08:55.208,0.65834,0.65862,1.00,1.00
2015.11.06 12:08:55.854,0.65833,0.65862,1.00,1.00
2015.11.06 12:08:56.214,0.65831,0.6586,1.00,1.00
2015.11.06 12:08:56.744,0.6583,0.65859,1.50,1.50
2015.11.06 12:08:57.345,0.65829,0.65859,1.50,1.50
2015.11.06 12:08:57.855,0.65828,0.65858,1.00,1.00
2015.11.06 12:08:59.713,0.65829,0.65856,1.00,1.00
2015.11.06 12:09:01.474,0.65828,0.65855,1.00,1.00
2015.11.06 12:09:02.023,0.65826,0.65853,1.00,1.00
2015.11.06 12:09:02.781,0.65827,0.65854,1.00,1.00
2015.11.06 12:09:02.832,0.65825,0.65854,1.00,1.50
2015.11.06 12:09:02.981,0.65827,0.65854,1.00,1.50
2015.11.06 12:09:07.205,0.65824,0.65853,1.00,1.50
2015.11.06 12:09:07.963,0.65823,0.6585,1.00,1.00
2015.11.06 12:09:09.463,0.65825,0.6585,1.00,1.00
2015.11.06 12:09:09.622,0.65826,0.65853,1.00,1.00
2015.11.06 12:09:10.169,0.65825,0.65852,1.50,1.00
2015.11.06 12:09:13.023,0.65824,0.6585,1.00,1.00
2015.11.06 12:09:13.555,0.65825,0.6585,1.00,1.00
2015.11.06 12:09:13.606,0.65825,0.65852,1.00,1.00
2015.11.06 12:09:14.165,0.65825,0.65851,1.00,1.00
2015.11.06 12:09:14.992,0.65825,0.65854,1.00,1.50
2015.11.06 12:09:15.773,0.65824,0.65852,1.00,1.00
2015.11.06 12:09:16.475,0.65823,0.65852,1.00,1.00
2015.11.06 12:09:17.053,0.65824,0.65852,1.00,1.00
2015.11.06 12:09:17.213,0.65825,0.65854,1.00,1.50
2015.11.06 12:09:17.534,0.65829,0.65854,1.00,1.00
2015.11.06 12:09:18.043,0.65825,0.65854,1.50,1.50
2015.11.06 12:09:19.140,0.65825,0.65853,1.50,1.00
2015.11.06 12:09:19.778,0.65825,0.65852,1.00,1.00
2015.11.06 12:09:20.625,0.65824,0.65852,1.00,1.50
2015.11.06 12:09:21.199,0.65825,0.65854,1.00,1.50
2015.11.06 12:09:21.744,0.65825,0.65853,1.00,1.00
2015.11.06 12:09:22.903,0.65825,0.65851,1.50,1.00
2015.11.06 12:09:30.763,0.65825,0.65852,1.00,1.00
2015.11.06 12:09:33.334,0.65823,0.65852,1.00,1.00
2015.11.06 12:09:34.028,0.65824,0.65853,1.00,1.00
2015.11.06 12:09:35.398,0.65825,0.65852,1.00,1.00
2015.11.06 12:09:37.777,0.65824,0.65853,1.50,1.00
2015.11.06 12:09:38.319,0.65825,0.65853,1.00,1.00
2015.11.06 12:09:40.298,0.65824,0.65853,1.00,1.00
2015.11.06 12:09:40.977,0.65825,0.65853,1.00,1.00
2015.11.06 12:09:42.461,0.65825,0.65855,1.00,1.00
2015.11.06 12:09:42.512,0.65827,0.65854,1.00,1.00
2015.11.06 12:09:42.914,0.65827,0.65856,1.00,1.00
2015.11.06 12:09:43.066,0.6583,0.65856,1.00,1.00
2015.11.06 12:09:43.272,0.65828,0.65856,1.00,1.50
2015.11.06 12:09:44.410,0.65829,0.65856,1.00,1.50
2015.11.06 12:09:45.701,0.6583,0.65859,1.00,1.50
2015.11.06 12:09:46.258,0.6583,0.65858,1.00,1.00
2015.11.06 12:09:49.660,0.6583,0.65859,1.00,1.50
2015.11.06 12:09:50.652,0.65833,0.65859,1.00,1.00
2015.11.06 12:09:50.703,0.65833,0.65862,1.00,1.50
2015.11.06 12:09:51.092,0.65832,0.65859,1.00,1.00
2015.11.06 12:09:51.415,0.65834,0.65861,1.00,1.00
2015.11.06 12:09:52.267,0.65835,0.65861,1.00,1.00
2015.11.06 12:09:52.418,0.65835,0.65864,1.50,1.50
2015.11.06 12:09:52.963,0.65836,0.65865,1.00,1.00
2015.11.06 12:09:53.064,0.6584,0.65867,1.00,1.00
2015.11.06 12:09:53.114,0.6584,0.65869,1.00,1.00
2015.11.06 12:09:53.219,0.65844,0.6587,1.00,1.00
2015.11.06 12:09:53.850,0.6584,0.65869,1.00,1.00
2015.11.06 12:09:55.042,0.65843,0.65871,1.00,1.50
2015.11.06 12:09:55.293,0.65845,0.65874,1.00,1.00
2015.11.06 12:09:55.524,0.65845,0.65872,1.00,1.00
2015.11.06 12:09:55.593,0.65841,0.65871,1.00,1.00
2015.11.06 12:09:55.825,0.65844,0.65872,1.00,1.50
2015.11.06 12:09:56.062,0.65842,0.65872,1.00,1.50
2015.11.06 12:09:56.162,0.65841,0.65869,1.00,1.00
2015.11.06 12:09:58.453,0.65841,0.6587,1.00,1.00
2015.11.06 12:09:59.046,0.65841,0.65869,1.00,1.00
2015.11.06 12:10:03.333,0.65841,0.65871,1.00,1.50
2015.11.06 12:10:03.572,0.65841,0.65869,1.00,1.00
2015.11.06 12:10:06.264,0.6584,0.65869,1.00,1.50
2015.11.06 12:10:07.851,0.65839,0.65868,1.00,1.00
2015.11.06 12:10:08.243,0.65839,0.65866,1.00,1.00
2015.11.06 12:10:08.511,0.65839,0.65868,1.00,1.00
2015.11.06 12:10:09.014,0.65841,0.65868,1.00,1.00
2015.11.06 12:10:09.782,0.6584,0.65867,1.00,1.00
2015.11.06 12:10:10.556,0.65838,0.65867,1.00,1.00
2015.11.06 12:10:10.822,0.65836,0.65866,1.00,1.00
2015.11.06 12:10:11.223,0.65838,0.65867,1.00,1.00
2015.11.06 12:10:11.534,0.65841,0.6587,1.00,1.00
2015.11.06 12:10:13.193,0.65842,0.6587,1.00,1.00
2015.11.06 12:10:15.503,0.65841,0.6587,1.00,1.00
2015.11.06 12:10:16.054,0.65842,0.6587,1.00,1.00
2015.11.06 12:10:17.923,0.65841,0.6587,1.00,1.00
2015.11.06 12:10:20.634,0.6584,0.6587,1.00,1.50
2015.11.06 12:10:21.137,0.6584,0.65869,1.00,1.00
2015.11.06 12:10:24.613,0.6584,0.65868,1.00,1.00
2015.11.06 12:10:24.775,0.65836,0.65866,1.00,1.00
2015.11.06 12:10:25.598,0.65839,0.65866,1.00,1.00
2015.11.06 12:10:25.749,0.65836,0.65866,1.00,1.00
2015.11.06 12:10:25.914,0.65836,0.65863,1.00,1.00
2015.11.06 12:10:26.881,0.65834,0.65863,1.00,1.00
2015.11.06 12:10:27.344,0.65836,0.65865,1.00,1.00
2015.11.06 12:10:27.968,0.65835,0.65865,1.50,1.00
2015.11.06 12:10:29.188,0.65835,0.65862,1.00,1.00
2015.11.06 12:10:29.943,0.65835,0.65865,1.50,1.00
2015.11.06 12:10:31.360,0.6584,0.65865,1.00,1.00
2015.11.06 12:10:31.411,0.6584,0.65868,1.00,1.00
2015.11.06 12:10:31.813,0.65841,0.65871,1.00,1.50
2015.11.06 12:10:32.141,0.65845,0.65872,1.00,1.00
2015.11.06 12:10:34.013,0.65845,0.65871,1.00,1.00
2015.11.06 12:10:38.503,0.65843,0.65871,1.00,1.50
2015.11.06 12:10:38.554,0.65839,0.65869,1.50,1.00
2015.11.06 12:10:38.686,0.65839,0.65867,1.50,1.00
2015.11.06 12:10:39.326,0.65839,0.65866,1.00,1.00
2015.11.06 12:10:41.762,0.65839,0.65869,1.50,1.50
2015.11.06 12:10:41.913,0.65839,0.65867,1.00,1.00
2015.11.06 12:10:42.508,0.6584,0.65868,1.00,1.00
2015.11.06 12:10:44.353,0.65839,0.65868,1.00,1.00
2015.11.06 12:10:48.185,0.65839,0.65867,1.00,1.00
2015.11.06 12:10:48.497,0.65836,0.65864,1.00,1.00
2015.11.06 12:10:50.234,0.6584,0.65864,1.00,1.00
2015.11.06 12:10:51.393,0.6584,0.65866,1.00,1.00
2015.11.06 12:10:58.432,0.6584,0.65865,1.00,1.00
2015.11.06 12:11:00.024,0.65835,0.65865,1.00,1.00
2015.11.06 12:11:04.064,0.65834,0.65863,1.50,1.00
2015.11.06 12:11:05.912,0.65834,0.65862,1.00,1.00
2015.11.06 12:11:06.481,0.65835,0.65861,1.00,1.00
2015.11.06 12:11:09.186,0.65834,0.6586,1.00,1.00
2015.11.06 12:11:09.982,0.65834,0.65857,1.00,1.00
2015.11.06 12:11:10.161,0.6583,0.65857,1.00,1.00
2015.11.06 12:11:11.233,0.6583,0.65859,1.00,1.00
2015.11.06 12:11:11.830,0.6583,0.65858,1.00,1.00
2015.11.06 12:11:15.359,0.6583,0.65857,1.00,1.00
2015.11.06 12:11:15.814,0.65829,0.65854,1.00,1.00
2015.11.06 12:11:15.864,0.65826,0.65854,1.00,1.00
2015.11.06 12:11:16.042,0.65825,0.65852,1.00,1.00
2015.11.06 12:11:16.592,0.65824,0.65852,1.00,1.00
2015.11.06 12:11:17.157,0.65825,0.65852,1.00,1.00
2015.11.06 12:11:18.259,0.65825,0.65853,1.00,1.00
2015.11.06 12:11:18.943,0.65824,0.65853,1.00,1.00
2015.11.06 12:11:19.261,0.65827,0.65855,1.00,1.00
2015.11.06 12:11:19.412,0.65829,0.65858,1.00,1.00
2015.11.06 12:11:19.826,0.65834,0.65858,1.00,1.00
2015.11.06 12:11:19.882,0.65834,0.6586,1.00,1.50
2015.11.06 12:11:20.198,0.6583,0.6586,1.50,2.25
2015.11.06 12:11:20.459,0.65835,0.6586,1.00,1.50
2015.11.06 12:11:22.840,0.6583,0.6586,1.00,1.50
2015.11.06 12:11:22.962,0.6583,0.65858,1.00,1.00
2015.11.06 12:11:23.293,0.65829,0.65856,1.00,1.00
2015.11.06 12:11:23.633,0.65829,0.65854,1.00,1.00
2015.11.06 12:11:25.875,0.6583,0.65854,1.00,1.00
2015.11.06 12:11:26.043,0.65829,0.65857,1.00,1.50
2015.11.06 12:11:34.621,0.65829,0.65858,1.00,1.00
2015.11.06 12:11:37.372,0.65829,0.65857,1.50,1.00
2015.11.06 12:11:43.421,0.65829,0.65858,1.00,1.50
2015.11.06 12:11:44.413,0.65831,0.65858,1.00,1.50
2015.11.06 12:11:44.717,0.65834,0.6586,1.00,1.00
2015.11.06 12:11:45.496,0.6583,0.6586,1.50,1.00
2015.11.06 12:11:45.894,0.65834,0.6586,1.00,1.00
2015.11.06 12:11:46.003,0.6583,0.6586,1.00,1.00
2015.11.06 12:11:48.754,0.65834,0.6586,1.00,1.00
2015.11.06 12:11:48.979,0.65831,0.65858,1.00,1.50
2015.11.06 12:11:49.180,0.6583,0.65856,1.00,1.00
2015.11.06 12:11:49.740,0.6583,0.65855,1.00,1.00
2015.11.06 12:11:50.262,0.6583,0.65856,1.00,1.00
2015.11.06 12:11:50.403,0.65826,0.65856,1.00,1.00
2015.11.06 12:11:50.670,0.65829,0.65857,1.00,1.50
2015.11.06 12:11:51.341,0.65829,0.65856,1.00,1.00
2015.11.06 12:11:51.638,0.65826,0.65856,1.00,1.00
2015.11.06 12:11:53.321,0.65827,0.65855,1.00,1.00
2015.11.06 12:11:55.741,0.65826,0.65854,1.00,1.00
2015.11.06 12:11:57.872,0.65827,0.65855,1.00,1.00
2015.11.06 12:11:59.092,0.65829,0.65855,1.00,1.00
2015.11.06 12:11:59.247,0.65827,0.65855,1.00,1.00
2015.11.06 12:12:00.163,0.65829,0.65855,1.00,1.00
2015.11.06 12:12:00.213,0.65827,0.65855,1.00,1.00
2015.11.06 12:12:06.889,0.65827,0.65854,1.00,1.00
2015.11.06 12:12:07.412,0.65826,0.65854,1.00,1.50
2015.11.06 12:12:07.664,0.65828,0.65858,1.00,1.00
2015.11.06 12:12:08.561,0.65828,0.65857,1.00,1.00
2015.11.06 12:12:08.733,0.65826,0.65856,1.00,1.00
2015.11.06 12:12:09.430,0.65825,0.65855,1.00,1.00
2015.11.06 12:12:10.702,0.65827,0.65855,1.00,1.00
2015.11.06 12:12:15.432,0.65827,0.65857,1.00,1.50
2015.11.06 12:12:15.886,0.65825,0.65855,1.50,1.00
2015.11.06 12:12:18.783,0.65829,0.65855,1.00,1.00
2015.11.06 12:12:21.021,0.65825,0.65855,1.00,1.50
2015.11.06 12:12:21.370,0.65824,0.65853,1.00,1.00
2015.11.06 12:12:23.513,0.65829,0.65853,1.00,1.00
2015.11.06 12:12:23.653,0.65824,0.65853,1.00,1.00
2015.11.06 12:12:23.753,0.65829,0.65854,1.00,1.00
2015.11.06 12:12:23.854,0.65825,0.65854,1.00,1.00
2015.11.06 12:12:43.302,0.65826,0.65856,1.00,1.00
2015.11.06 12:12:53.389,0.65827,0.65855,1.00,1.00
2015.11.06 12:12:57.561,0.65828,0.65856,1.00,1.50
2015.11.06 12:12:57.862,0.65829,0.65859,1.50,1.00
2015.11.06 12:12:58.014,0.65832,0.65861,1.00,1.50
2015.11.06 12:12:58.520,0.65833,0.65861,1.00,1.00
2015.11.06 12:12:59.361,0.65832,0.65861,1.00,1.00
2015.11.06 12:13:00.750,0.65833,0.6586,1.00,1.00
2015.11.06 12:13:01.291,0.65834,0.65861,1.00,1.00
2015.11.06 12:13:03.079,0.65833,0.65863,1.00,1.00
2015.11.06 12:13:04.710,0.65835,0.65865,1.00,1.50
2015.11.06 12:13:06.801,0.65834,0.65864,1.00,1.00
2015.11.06 12:13:08.889,0.65833,0.65863,1.00,1.00
2015.11.06 12:13:09.394,0.65834,0.65864,1.00,1.00
2015.11.06 12:13:09.920,0.65832,0.65862,1.00,1.00
2015.11.06 12:13:10.245,0.65834,0.65864,1.00,1.00
2015.11.06 12:13:10.760,0.65834,0.65862,1.00,1.00
2015.11.06 12:13:12.079,0.65835,0.65863,1.00,1.00
2015.11.06 12:13:13.975,0.65837,0.65865,1.00,1.50
2015.11.06 12:13:14.389,0.65836,0.65863,1.00,1.00
2015.11.06 12:13:14.905,0.65837,0.65863,1.00,1.00
2015.11.06 12:13:16.488,0.65834,0.65863,1.50,1.50
2015.11.06 12:13:16.800,0.65835,0.65861,1.00,1.00
2015.11.06 12:13:16.951,0.65832,0.65861,1.00,1.00
2015.11.06 12:13:17.554,0.65834,0.65861,1.00,1.00
2015.11.06 12:13:17.604,0.65834,0.65863,1.50,1.50
2015.11.06 12:13:17.909,0.65834,0.6586,1.00,1.00
2015.11.06 12:13:18.083,0.65831,0.6586,1.00,1.00
2015.11.06 12:13:18.351,0.6583,0.65858,1.00,1.00
2015.11.06 12:13:19.072,0.65829,0.65858,1.00,1.00
2015.11.06 12:13:19.815,0.6583,0.65858,1.00,1.00
2015.11.06 12:13:23.519,0.65831,0.65858,1.00,1.00
2015.11.06 12:13:23.620,0.65831,0.65861,1.00,1.00
2015.11.06 12:13:23.959,0.65833,0.65863,1.00,1.50
2015.11.06 12:13:24.320,0.65835,0.65863,1.00,1.00
2015.11.06 12:13:25.323,0.65835,0.65861,1.00,1.00
2015.11.06 12:13:25.527,0.65833,0.65861,1.00,1.00
2015.11.06 12:13:25.627,0.65831,0.65861,1.00,1.00
2015.11.06 12:13:25.829,0.65829,0.65859,1.50,1.00
2015.11.06 12:13:26.729,0.6583,0.6586,1.00,1.00
2015.11.06 12:13:27.039,0.65832,0.6586,1.00,1.00
2015.11.06 12:13:27.150,0.65833,0.65863,1.00,1.50
2015.11.06 12:13:28.577,0.65834,0.65863,1.00,1.50
2015.11.06 12:13:29.119,0.65835,0.65863,1.50,1.50
2015.11.06 12:13:34.187,0.65833,0.65863,1.00,1.50
2015.11.06 12:13:34.238,0.65829,0.65859,1.50,1.00
2015.11.06 12:13:34.901,0.65827,0.65857,1.00,1.00
2015.11.06 12:13:35.235,0.65827,0.65855,1.00,1.00
2015.11.06 12:13:37.049,0.65827,0.65857,1.00,1.00
2015.11.06 12:13:38.511,0.65828,0.65858,1.00,1.00
2015.11.06 12:13:38.612,0.65831,0.65859,1.00,1.00
2015.11.06 12:13:39.029,0.65833,0.65862,1.00,1.00
2015.11.06 12:13:39.579,0.65831,0.65861,1.00,1.00
2015.11.06 12:13:39.810,0.65831,0.65859,1.00,1.00
2015.11.06 12:13:40.287,0.6583,0.65857,1.00,1.00
2015.11.06 12:13:40.801,0.65829,0.65857,1.50,1.00
2015.11.06 12:13:41.916,0.6583,0.65859,1.00,1.00
2015.11.06 12:13:42.452,0.6583,0.65858,1.50,1.00
2015.11.06 12:13:43.979,0.6583,0.6586,1.50,1.50
2015.11.06 12:13:44.570,0.65829,0.65859,1.50,1.00
2015.11.06 12:13:45.359,0.6583,0.65859,1.00,1.00
2015.11.06 12:13:46.622,0.65829,0.65859,1.00,1.50
2015.11.06 12:13:47.226,0.65829,0.65858,1.00,1.00
2015.11.06 12:13:47.280,0.65826,0.65856,1.00,1.00
2015.11.06 12:13:47.719,0.65826,0.65854,1.00,1.00
2015.11.06 12:13:49.919,0.65826,0.65855,1.00,1.50
2015.11.06 12:13:50.732,0.65832,0.65859,1.00,1.00
2015.11.06 12:13:51.070,0.65833,0.65862,1.00,1.50
2015.11.06 12:13:51.579,0.65834,0.65862,1.00,1.00
2015.11.06 12:13:52.119,0.65834,0.65863,1.50,1.00
2015.11.06 12:13:54.768,0.65836,0.65863,1.00,1.00
2015.11.06 12:13:56.848,0.65836,0.65865,1.00,1.50
2015.11.06 12:13:58.938,0.65835,0.65864,1.00,1.00
2015.11.06 12:14:02.351,0.65833,0.65863,1.00,1.00
2015.11.06 12:14:02.970,0.65834,0.65863,1.00,1.00
2015.11.06 12:14:04.428,0.65834,0.65862,1.00,1.00
2015.11.06 12:14:05.268,0.65835,0.65862,1.00,1.00
2015.11.06 12:14:05.941,0.65834,0.65862,1.00,1.00
2015.11.06 12:14:07.508,0.65834,0.65863,1.50,1.50
2015.11.06 12:14:09.430,0.65834,0.65862,1.00,1.00
2015.11.06 12:14:09.951,0.65834,0.65861,1.00,1.00
2015.11.06 12:14:10.158,0.65834,0.65859,1.00,1.00
2015.11.06 12:14:10.373,0.6583,0.65858,1.00,1.00
2015.11.06 12:14:10.770,0.6583,0.65855,1.00,1.00
2015.11.06 12:14:11.100,0.65827,0.65855,1.00,1.00
2015.11.06 12:14:11.151,0.65824,0.65852,1.50,1.00
2015.11.06 12:14:13.304,0.65825,0.65852,1.00,1.00
2015.11.06 12:14:13.913,0.65824,0.65852,1.50,1.00
2015.11.06 12:14:15.182,0.65824,0.65854,1.50,1.00
2015.11.06 12:14:16.234,0.65828,0.65856,1.00,1.00
2015.11.06 12:14:16.409,0.65828,0.65858,1.00,1.50
2015.11.06 12:14:16.654,0.65829,0.65855,1.00,1.00
2015.11.06 12:14:16.819,0.65827,0.65855,1.00,1.00
2015.11.06 12:14:17.546,0.65826,0.65854,1.00,1.00
2015.11.06 12:14:17.809,0.65829,0.65854,1.00,1.00
2015.11.06 12:14:18.029,0.65826,0.65854,1.00,1.00
2015.11.06 12:14:19.349,0.65829,0.65854,1.00,1.00
2015.11.06 12:14:20.119,0.65826,0.65854,1.00,1.00
2015.11.06 12:14:23.130,0.65824,0.65854,1.50,1.00
2015.11.06 12:14:23.638,0.65829,0.65854,1.00,1.00
2015.11.06 12:14:25.018,0.65829,0.65852,1.00,1.00
2015.11.06 12:14:25.847,0.65825,0.65852,1.50,1.00
2015.11.06 12:14:27.598,0.65824,0.65852,1.00,1.50
2015.11.06 12:14:28.108,0.65825,0.65852,1.00,1.50
2015.11.06 12:14:30.819,0.65825,0.65854,1.50,1.00
2015.11.06 12:14:30.938,0.65828,0.65854,1.00,1.00
2015.11.06 12:14:31.317,0.65826,0.65854,1.00,1.00
2015.11.06 12:14:31.618,0.65826,0.65856,1.00,1.50
2015.11.06 12:14:33.459,0.65826,0.65854,1.00,1.00
2015.11.06 12:14:33.984,0.65825,0.65854,1.50,1.00
2015.11.06 12:14:39.442,0.65825,0.65855,1.50,1.50
2015.11.06 12:14:39.958,0.65826,0.65855,1.00,1.00
2015.11.06 12:14:40.778,0.65826,0.65854,1.00,1.00
2015.11.06 12:14:45.045,0.65826,0.65853,1.00,1.00
2015.11.06 12:14:45.414,0.65824,0.65853,1.50,1.00
2015.11.06 12:14:45.597,0.65824,0.6585,1.00,1.00
2015.11.06 12:14:46.348,0.65823,0.6585,1.00,1.00
2015.11.06 12:14:47.620,0.65824,0.6585,1.00,1.00
2015.11.06 12:14:47.671,0.65825,0.65853,1.00,1.50
2015.11.06 12:14:47.771,0.65824,0.65851,1.50,1.00
2015.11.06 12:14:49.599,0.65821,0.65851,1.00,2.25
2015.11.06 12:14:50.280,0.65822,0.6585,1.00,1.00
2015.11.06 12:14:50.336,0.65819,0.65849,1.50,1.00
2015.11.06 12:14:50.537,0.65821,0.65848,1.00,1.00
2015.11.06 12:14:50.808,0.65819,0.65847,1.50,1.00
2015.11.06 12:14:51.288,0.65822,0.65848,1.00,1.00
2015.11.06 12:14:51.459,0.65822,0.65851,1.00,2.25
2015.11.06 12:14:51.510,0.65821,0.65848,1.00,1.00
2015.11.06 12:14:52.069,0.65824,0.6585,1.00,1.00
2015.11.06 12:14:52.729,0.65826,0.65851,1.00,1.00
2015.11.06 12:14:52.880,0.65826,0.65855,1.00,2.25
2015.11.06 12:14:53.269,0.65828,0.65855,1.00,1.50
2015.11.06 12:14:53.560,0.65826,0.65855,1.00,1.00
2015.11.06 12:14:53.903,0.6583,0.65855,1.00,1.00
2015.11.06 12:14:54.004,0.65827,0.65855,1.00,1.00
2015.11.06 12:14:54.110,0.65829,0.65858,1.00,1.50
2015.11.06 12:15:00.600,0.65828,0.65858,1.00,1.50
2015.11.06 12:15:02.058,0.6583,0.65858,1.00,1.50
2015.11.06 12:15:03.131,0.65828,0.65858,1.00,1.50
2015.11.06 12:15:03.240,0.6583,0.65858,1.00,1.50
2015.11.06 12:15:03.776,0.6583,0.65857,1.00,1.00
2015.11.06 12:15:04.931,0.6583,0.65859,1.00,1.00
2015.11.06 12:15:05.082,0.65833,0.65861,1.00,1.00
2015.11.06 12:15:05.479,0.65835,0.65863,1.00,1.50
2015.11.06 12:15:06.169,0.65836,0.65865,1.00,1.00
2015.11.06 12:15:07.952,0.65836,0.65863,1.00,1.00
2015.11.06 12:15:08.250,0.65829,0.65858,1.00,1.00
2015.11.06 12:15:08.940,0.65828,0.65858,1.00,1.00
2015.11.06 12:15:11.543,0.6583,0.65857,1.00,1.00
2015.11.06 12:15:14.720,0.65828,0.65858,1.00,1.00
2015.11.06 12:15:14.840,0.65828,0.65855,1.00,1.00
2015.11.06 12:15:14.951,0.65828,0.65858,1.00,1.00
2015.11.06 12:15:17.712,0.65827,0.65855,1.00,1.00
2015.11.06 12:15:19.779,0.65826,0.65856,1.00,1.00
2015.11.06 12:15:24.179,0.65829,0.65857,1.00,1.00
2015.11.06 12:15:24.330,0.6583,0.65859,1.00,1.00
2015.11.06 12:15:24.509,0.65832,0.65861,1.00,1.50
2015.11.06 12:15:26.379,0.65831,0.65861,1.00,1.50
2015.11.06 12:15:26.757,0.65828,0.65858,1.00,1.00
2015.11.06 12:15:27.125,0.65826,0.65856,1.00,1.00
2015.11.06 12:15:28.799,0.65827,0.65857,1.00,1.50
2015.11.06 12:15:29.129,0.65827,0.65855,1.00,1.00
2015.11.06 12:15:30.999,0.65828,0.65856,1.00,1.00
2015.11.06 12:15:31.779,0.65829,0.65856,1.00,1.00
2015.11.06 12:15:32.586,0.65829,0.65857,1.50,1.00
2015.11.06 12:15:32.637,0.6583,0.65859,1.00,1.00
2015.11.06 12:15:32.760,0.65834,0.6586,1.00,1.00
2015.11.06 12:15:32.922,0.65835,0.65862,1.00,1.00
2015.11.06 12:15:33.309,0.65836,0.65866,1.00,2.25
2015.11.06 12:15:33.359,0.6584,0.65866,1.00,1.50
2015.11.06 12:15:34.439,0.6584,0.65862,1.00,1.00
2015.11.06 12:15:34.649,0.6583,0.65858,1.00,1.00
2015.11.06 12:15:34.846,0.6583,0.65856,1.00,1.00
2015.11.06 12:15:35.097,0.65831,0.6586,1.00,1.50
2015.11.06 12:15:35.630,0.65835,0.65861,1.00,1.50
2015.11.06 12:15:35.849,0.65829,0.65859,1.50,1.00
2015.11.06 12:15:35.948,0.65831,0.65861,1.00,2.25
2015.11.06 12:15:36.266,0.65829,0.65859,1.50,1.00
2015.11.06 12:15:36.609,0.65828,0.65856,1.00,1.00
2015.11.06 12:15:37.247,0.65829,0.65856,1.00,1.00
2015.11.06 12:15:38.698,0.65829,0.65858,1.00,1.50
2015.11.06 12:15:39.371,0.65827,0.65856,1.00,1.00
2015.11.06 12:15:41.018,0.6583,0.65857,1.00,1.00
2015.11.06 12:15:41.130,0.65827,0.65855,1.00,1.00
2015.11.06 12:15:41.458,0.65829,0.65857,1.00,1.00
2015.11.06 12:15:41.570,0.65827,0.65857,1.00,1.00
2015.11.06 12:15:41.779,0.65827,0.65855,1.00,1.00
2015.11.06 12:15:42.988,0.65827,0.65857,1.00,1.00
2015.11.06 12:15:43.610,0.65828,0.65857,1.00,1.00
2015.11.06 12:15:44.971,0.6583,0.65858,1.00,1.50
2015.11.06 12:15:45.223,0.65826,0.65856,1.00,1.50
2015.11.06 12:15:45.529,0.6583,0.65856,1.00,1.00
2015.11.06 12:15:46.340,0.6583,0.65857,1.00,1.50
2015.11.06 12:15:51.404,0.65829,0.65857,1.00,1.50
2015.11.06 12:15:51.790,0.65829,0.65859,1.50,1.50
2015.11.06 12:15:52.344,0.6583,0.65859,1.00,1.00
2015.11.06 12:15:53.005,0.6583,0.65858,1.00,1.00
2015.11.06 12:15:55.088,0.65829,0.65859,1.50,1.50
2015.11.06 12:15:55.646,0.65829,0.65858,1.00,1.50
2015.11.06 12:15:59.158,0.6583,0.65858,1.00,1.00
2015.11.06 12:16:00.148,0.6583,0.65857,1.00,1.00
2015.11.06 12:16:00.699,0.6583,0.65858,1.00,1.00
2015.11.06 12:16:01.248,0.65831,0.65858,1.00,1.00
2015.11.06 12:16:02.238,0.65833,0.65859,1.00,1.00
2015.11.06 12:16:02.569,0.65831,0.6586,1.00,1.00
2015.11.06 12:16:02.789,0.65833,0.6586,1.00,1.00
2015.11.06 12:16:03.617,0.65834,0.65859,1.00,1.00
2015.11.06 12:16:03.998,0.65834,0.65861,1.00,1.50
2015.11.06 12:16:04.659,0.65834,0.65862,1.00,1.00
2015.11.06 12:16:05.269,0.65835,0.65862,1.00,1.00
2015.11.06 12:16:06.318,0.65832,0.6586,1.00,1.00
2015.11.06 12:16:06.640,0.65831,0.65858,1.00,1.00
2015.11.06 12:16:07.188,0.65832,0.65859,1.00,1.00
2015.11.06 12:16:07.408,0.65832,0.65861,1.00,1.00
2015.11.06 12:16:08.118,0.65831,0.6586,1.00,1.00
2015.11.06 12:16:09.839,0.65834,0.6586,1.00,1.00
2015.11.06 12:16:10.158,0.65834,0.65863,1.00,1.00
2015.11.06 12:16:10.488,0.65834,0.65861,1.00,1.00
2015.11.06 12:16:11.038,0.65834,0.6586,1.00,1.00
2015.11.06 12:16:11.160,0.65831,0.6586,1.00,1.00
2015.11.06 12:16:12.138,0.65833,0.6586,1.00,1.00
2015.11.06 12:16:12.799,0.65834,0.65861,1.00,1.00
2015.11.06 12:16:13.572,0.65834,0.65862,1.50,1.00
2015.11.06 12:16:14.680,0.65832,0.65861,1.00,1.00
2015.11.06 12:16:14.931,0.6583,0.65858,1.00,1.00
2015.11.06 12:16:16.428,0.65831,0.65859,1.00,1.00
2015.11.06 12:16:16.768,0.6583,0.65857,1.00,1.00
2015.11.06 12:16:17.198,0.65831,0.65859,1.00,1.00
2015.11.06 12:16:17.417,0.65829,0.65859,1.00,1.00
2015.11.06 12:16:17.528,0.65831,0.65859,1.00,1.00
2015.11.06 12:16:18.738,0.65831,0.65861,1.00,1.00
2015.11.06 12:16:19.068,0.65834,0.65862,1.00,1.00
2015.11.06 12:16:19.631,0.65831,0.65861,1.00,1.00
2015.11.06 12:16:20.827,0.6583,0.6586,1.00,1.00
2015.11.06 12:16:24.801,0.65831,0.65861,1.00,1.00
2015.11.06 12:16:25.010,0.65829,0.65858,1.00,1.00
2015.11.06 12:16:26.327,0.65831,0.6586,1.00,1.50
2015.11.06 12:16:26.840,0.65832,0.65859,1.00,1.00
2015.11.06 12:16:27.098,0.65833,0.65863,1.00,1.50
2015.11.06 12:16:28.661,0.65834,0.65863,1.00,1.00
2015.11.06 12:16:28.789,0.65836,0.65865,1.00,1.00
2015.11.06 12:16:29.247,0.65839,0.65867,1.00,1.00
2015.11.06 12:16:29.635,0.65837,0.65867,1.00,1.00
2015.11.06 12:16:32.047,0.65839,0.65867,1.00,1.00
2015.11.06 12:16:39.126,0.65838,0.65868,1.00,1.00
2015.11.06 12:16:45.357,0.65838,0.65867,1.00,1.00
2015.11.06 12:16:51.297,0.65839,0.65866,1.00,1.00
2015.11.06 12:16:53.607,0.65838,0.65867,1.00,1.00
2015.11.06 12:16:54.397,0.65839,0.65868,1.00,1.00
2015.11.06 12:16:56.808,0.6584,0.65869,1.00,1.00
2015.11.06 12:16:57.170,0.65842,0.65871,1.00,1.00
2015.11.06 12:16:57.521,0.65841,0.65869,1.00,1.00
2015.11.06 12:16:57.571,0.65838,0.65867,1.00,1.00
2015.11.06 12:16:57.822,0.65836,0.65866,1.00,1.00
2015.11.06 12:16:58.674,0.6584,0.65869,1.00,1.00
2015.11.06 12:16:58.988,0.65842,0.6587,1.00,1.00
2015.11.06 12:16:59.328,0.65845,0.65873,1.00,1.00
2015.11.06 12:17:00.344,0.65842,0.65872,1.00,1.00
2015.11.06 12:17:00.879,0.65841,0.65871,1.00,1.00
2015.11.06 12:17:00.969,0.65839,0.65869,1.00,1.00
2015.11.06 12:17:01.510,0.65839,0.65864,1.00,1.00
2015.11.06 12:17:02.046,0.65839,0.65865,1.00,1.00
2015.11.06 12:17:03.210,0.65839,0.65864,1.00,1.00
2015.11.06 12:17:03.736,0.65839,0.65865,1.50,1.00
2015.11.06 12:17:03.871,0.65839,0.65867,1.50,1.00
2015.11.06 12:17:03.972,0.65841,0.65869,1.00,1.00
2015.11.06 12:17:04.317,0.65844,0.6587,1.00,1.00
2015.11.06 12:17:05.278,0.65842,0.6587,1.00,1.00
2015.11.06 12:17:05.656,0.65844,0.65871,1.00,1.00
2015.11.06 12:17:05.852,0.65844,0.65874,1.50,1.00
2015.11.06 12:17:05.917,0.65844,0.65872,1.00,1.00
2015.11.06 12:17:06.665,0.65842,0.65872,1.00,1.50
2015.11.06 12:17:08.556,0.65841,0.65869,1.00,1.00
2015.11.06 12:17:09.629,0.65844,0.65869,1.00,1.00
2015.11.06 12:17:09.679,0.65844,0.65871,1.00,1.00
2015.11.06 12:17:10.537,0.65844,0.65869,1.00,1.00
2015.11.06 12:17:10.638,0.6584,0.65869,1.00,1.00
2015.11.06 12:17:11.278,0.65844,0.65869,1.00,1.00
2015.11.06 12:17:11.328,0.65844,0.65871,1.00,1.00
2015.11.06 12:17:11.888,0.65844,0.6587,1.00,1.00
2015.11.06 12:17:12.456,0.65845,0.6587,1.00,1.00
2015.11.06 12:17:13.209,0.65845,0.65869,1.00,1.00
2015.11.06 12:17:13.759,0.65845,0.6587,1.00,1.00
2015.11.06 12:17:14.057,0.65845,0.65872,1.00,1.00
2015.11.06 12:17:17.907,0.65845,0.65873,1.00,1.00
2015.11.06 12:17:18.482,0.65845,0.65871,1.00,1.00
2015.11.06 12:17:18.583,0.6584,0.65868,1.00,1.00
2015.11.06 12:17:20.079,0.65845,0.65868,1.00,1.00
2015.11.06 12:17:20.767,0.65845,0.65869,1.00,1.00
2015.11.06 12:17:22.857,0.65845,0.65868,1.00,1.00
2015.11.06 12:17:24.617,0.65845,0.65867,1.00,1.00
2015.11.06 12:17:25.093,0.65845,0.65865,1.00,1.00
2015.11.06 12:17:26.997,0.65845,0.65867,1.00,1.00
2015.11.06 12:17:27.916,0.65845,0.65868,1.00,1.00
2015.11.06 12:17:30.344,0.65845,0.65869,1.00,1.00
2015.11.06 12:17:33.965,0.65845,0.65868,1.00,1.00
2015.11.06 12:17:34.377,0.6584,0.65868,1.00,1.00
2015.11.06 12:17:34.956,0.65841,0.65869,1.00,1.00
2015.11.06 12:17:35.506,0.6584,0.65867,1.00,1.00
2015.11.06 12:17:36.040,0.6584,0.65868,1.00,1.00
2015.11.06 12:17:36.743,0.6584,0.65866,1.00,1.00
2015.11.06 12:17:39.137,0.6584,0.65867,1.00,1.00
2015.11.06 12:17:40.066,0.65841,0.65871,1.00,1.00
2015.11.06 12:17:40.116,0.65844,0.65871,1.00,1.00
2015.11.06 12:17:40.701,0.65844,0.65872,1.00,1.00
2015.11.06 12:17:41.019,0.65849,0.65874,1.00,1.00
2015.11.06 12:17:41.120,0.65849,0.65876,1.00,1.00
2015.11.06 12:17:41.270,0.65849,0.65874,1.00,1.00
2015.11.06 12:17:43.358,0.65849,0.65876,1.00,1.00
2015.11.06 12:17:44.196,0.65849,0.65874,1.00,1.00
2015.11.06 12:17:44.742,0.65849,0.65873,1.00,1.00
2015.11.06 12:17:44.857,0.65849,0.65875,1.00,1.00
2015.11.06 12:17:47.796,0.65845,0.65875,1.00,1.50
2015.11.06 12:17:49.904,0.65849,0.65875,1.00,1.50
2015.11.06 12:17:50.106,0.65845,0.65874,1.50,1.00
2015.11.06 12:17:51.048,0.65844,0.65872,1.00,1.00
2015.11.06 12:17:51.126,0.65845,0.65874,1.00,1.00
2015.11.06 12:17:51.640,0.65846,0.65875,1.00,1.00
2015.11.06 12:17:51.942,0.65845,0.65872,1.00,1.00
2015.11.06 12:17:52.492,0.65844,0.65871,1.00,1.00
2015.11.06 12:17:52.556,0.65844,0.65873,1.50,1.00
2015.11.06 12:17:53.144,0.65844,0.65874,1.50,1.00
2015.11.06 12:17:54.616,0.65845,0.65874,1.00,1.00
2015.11.06 12:17:55.127,0.65844,0.65874,1.50,1.00
2015.11.06 12:17:55.228,0.65844,0.65872,1.00,1.00
2015.11.06 12:17:56.118,0.65844,0.6587,1.00,1.00
2015.11.06 12:17:56.269,0.65841,0.65869,1.00,1.00
2015.11.06 12:17:56.424,0.65839,0.65868,1.00,1.00
2015.11.06 12:17:56.951,0.6584,0.65867,1.00,1.00
2015.11.06 12:17:57.286,0.6584,0.65865,1.00,1.00
2015.11.06 12:17:57.928,0.6584,0.65866,1.00,1.00
2015.11.06 12:17:58.165,0.6584,0.65869,1.00,1.00
2015.11.06 12:17:59.375,0.6584,0.65868,1.00,1.00
2015.11.06 12:18:01.070,0.6584,0.65867,1.00,1.00
2015.11.06 12:18:03.196,0.65839,0.65867,1.00,1.00
2015.11.06 12:18:03.818,0.65839,0.65865,1.00,1.00
2015.11.06 12:18:04.545,0.65839,0.65866,1.00,1.00
2015.11.06 12:18:05.095,0.65839,0.65865,1.00,1.00
2015.11.06 12:18:07.047,0.6584,0.65865,1.00,1.00
2015.11.06 12:18:09.246,0.65839,0.65865,1.00,1.00
2015.11.06 12:18:09.560,0.65844,0.65868,1.00,1.00
2015.11.06 12:18:10.017,0.6584,0.65868,1.00,1.00
2015.11.06 12:18:10.314,0.6584,0.65866,1.00,1.00
2015.11.06 12:18:10.833,0.65839,0.65867,1.00,1.00
2015.11.06 12:18:11.356,0.65839,0.65866,1.00,1.00
2015.11.06 12:18:16.306,0.65845,0.65866,1.00,1.00
2015.11.06 12:18:16.457,0.65844,0.65869,1.00,1.00
2015.11.06 12:18:16.683,0.65844,0.65871,1.00,1.00
2015.11.06 12:18:16.884,0.65849,0.65874,1.00,1.50
2015.11.06 12:18:16.985,0.6585,0.65879,1.00,1.00
2015.11.06 12:18:17.584,0.6585,0.65878,1.50,1.00
2015.11.06 12:18:18.244,0.6585,0.65879,1.00,1.00
2015.11.06 12:18:21.268,0.65848,0.65878,1.00,1.00
2015.11.06 12:18:21.618,0.65845,0.65874,1.00,1.00
2015.11.06 12:18:22.266,0.65846,0.65873,1.00,1.00
2015.11.06 12:18:23.261,0.65847,0.65875,1.00,1.00
2015.11.06 12:18:23.361,0.65849,0.65875,1.00,1.00
2015.11.06 12:18:23.565,0.65847,0.65876,1.00,1.00
2015.11.06 12:18:23.765,0.65849,0.65876,1.00,1.00
2015.11.06 12:18:27.836,0.6585,0.65876,1.00,1.00
2015.11.06 12:18:28.305,0.65851,0.65879,1.00,1.00
2015.11.06 12:18:28.571,0.65852,0.65882,1.00,1.00
2015.11.06 12:18:28.622,0.65854,0.65882,1.00,1.00
2015.11.06 12:18:28.745,0.65856,0.65886,1.00,1.50
2015.11.06 12:18:29.310,0.65856,0.65884,1.00,1.00
2015.11.06 12:18:29.515,0.65856,0.65886,1.00,1.00
2015.11.06 12:18:29.639,0.6586,0.65886,1.00,1.00
2015.11.06 12:18:29.817,0.65856,0.65886,1.00,1.00
2015.11.06 12:18:30.036,0.65859,0.65887,1.00,1.00
2015.11.06 12:18:30.580,0.65859,0.65886,1.00,1.00
2015.11.06 12:18:35.354,0.65859,0.65885,1.00,1.00
2015.11.06 12:18:38.095,0.65859,0.65887,1.00,1.00
2015.11.06 12:18:40.415,0.65859,0.65889,1.50,1.50
2015.11.06 12:18:40.845,0.65861,0.6589,1.00,1.00
2015.11.06 12:18:41.726,0.65863,0.65891,1.00,1.50
2015.11.06 12:18:43.125,0.65864,0.65891,1.00,1.00
2015.11.06 12:18:45.579,0.65864,0.65892,1.50,1.00
2015.11.06 12:18:45.906,0.6587,0.65897,1.00,1.00
2015.11.06 12:18:46.261,0.65871,0.659,1.00,1.00
2015.11.06 12:18:46.784,0.6587,0.65899,1.00,1.00
2015.11.06 12:18:48.461,0.65872,0.659,1.00,1.00
2015.11.06 12:18:48.976,0.65871,0.65901,1.00,1.00
2015.11.06 12:18:50.525,0.65871,0.659,1.00,1.00
2015.11.06 12:18:51.103,0.6587,0.65899,1.50,1.00
2015.11.06 12:18:53.171,0.65875,0.65899,1.00,1.00
2015.11.06 12:18:58.131,0.65875,0.65898,1.00,1.00
2015.11.06 12:18:59.844,0.65874,0.65898,1.00,1.00
2015.11.06 12:19:00.308,0.65879,0.65902,1.00,1.50
2015.11.06 12:19:01.305,0.65879,0.659,1.00,1.00
2015.11.06 12:19:01.436,0.65875,0.659,1.00,1.00
2015.11.06 12:19:02.046,0.65875,0.65899,1.00,1.00
2015.11.06 12:19:03.092,0.65875,0.659,1.00,1.00
2015.11.06 12:19:07.707,0.65875,0.65898,1.00,1.00
2015.11.06 12:19:09.253,0.65875,0.65901,1.00,1.50
2015.11.06 12:19:10.075,0.65879,0.65901,1.00,1.50
2015.11.06 12:19:10.255,0.65879,0.65903,1.00,1.00
2015.11.06 12:19:12.194,0.65879,0.65901,1.00,1.00
2015.11.06 12:19:13.012,0.65879,0.65904,1.00,1.50
2015.11.06 12:19:15.164,0.65879,0.65902,1.00,1.00
2015.11.06 12:19:16.339,0.65879,0.65904,1.00,1.50
2015.11.06 12:19:17.269,0.65884,0.65904,1.00,1.00
2015.11.06 12:19:17.574,0.6588,0.65904,1.00,1.00
2015.11.06 12:19:17.916,0.6588,0.65901,1.00,1.00
2015.11.06 12:19:18.044,0.65874,0.65901,1.00,1.00
2015.11.06 12:19:20.544,0.65871,0.65901,1.00,1.00
2015.11.06 12:19:22.437,0.6587,0.659,1.00,1.00
2015.11.06 12:19:22.856,0.65874,0.659,1.00,1.00
2015.11.06 12:19:23.341,0.6587,0.659,1.50,1.50
2015.11.06 12:19:25.304,0.6587,0.65899,1.00,1.00
2015.11.06 12:19:26.206,0.65869,0.65899,1.50,1.00
2015.11.06 12:19:27.295,0.65871,0.659,1.00,1.00
2015.11.06 12:19:31.669,0.65872,0.65901,1.00,1.00
2015.11.06 12:19:33.855,0.65875,0.65901,1.00,1.00
2015.11.06 12:19:33.906,0.65875,0.65903,1.00,1.00
2015.11.06 12:19:34.599,0.65874,0.65903,1.50,1.00
2015.11.06 12:19:34.855,0.65874,0.65901,1.50,1.00
2015.11.06 12:19:35.590,0.65875,0.65901,1.00,1.00
2015.11.06 12:19:36.104,0.65874,0.659,1.00,1.00
2015.11.06 12:19:36.275,0.6587,0.659,1.00,1.00
2015.11.06 12:19:36.426,0.65872,0.659,1.00,1.00
2015.11.06 12:19:44.085,0.65875,0.659,1.00,1.00
2015.11.06 12:19:45.743,0.65875,0.65901,1.00,1.00
2015.11.06 12:19:46.750,0.6588,0.65901,1.00,1.00
2015.11.06 12:19:46.851,0.65874,0.659,1.00,1.00
2015.11.06 12:19:46.952,0.65879,0.659,1.00,1.00
2015.11.06 12:19:47.081,0.65879,0.65903,1.00,1.00
2015.11.06 12:19:47.182,0.65875,0.65903,1.00,1.00
2015.11.06 12:19:47.318,0.65873,0.65901,1.00,1.00
2015.11.06 12:19:48.053,0.65871,0.65901,1.00,1.00
2015.11.06 12:19:49.084,0.6587,0.659,1.00,1.00
2015.11.06 12:19:49.298,0.65869,0.65897,1.00,1.00
2015.11.06 12:19:49.628,0.6587,0.65895,1.00,1.00
2015.11.06 12:19:50.159,0.65864,0.65894,1.50,1.00
2015.11.06 12:19:50.363,0.65867,0.65897,1.00,1.50
2015.11.06 12:19:50.948,0.65864,0.65894,1.50,1.00
2015.11.06 12:19:51.555,0.65867,0.65895,1.00,1.00
2015.11.06 12:19:53.260,0.65866,0.65896,1.00,1.00
2015.11.06 12:19:57.403,0.65866,0.65894,1.00,1.00
2015.11.06 12:19:57.829,0.65869,0.65893,1.00,1.00
2015.11.06 12:19:57.880,0.65869,0.65896,1.00,1.00
2015.11.06 12:19:57.981,0.65872,0.659,1.00,1.00
2015.11.06 12:19:58.181,0.65869,0.65899,1.50,1.00
2015.11.06 12:19:58.393,0.65869,0.65895,1.00,1.00
2015.11.06 12:19:58.443,0.65865,0.65892,1.00,1.00
2015.11.06 12:19:59.005,0.65865,0.65893,1.50,1.00
2015.11.06 12:19:59.528,0.65864,0.65893,1.00,1.00
2015.11.06 12:19:59.823,0.65862,0.65892,1.00,1.00
2015.11.06 12:19:59.934,0.65864,0.65894,1.00,1.00
2015.11.06 12:20:00.863,0.65863,0.65893,1.00,1.00
2015.11.06 12:20:01.689,0.65864,0.65892,1.00,1.00
2015.11.06 12:20:02.125,0.65862,0.65892,1.00,1.00
2015.11.06 12:20:02.601,0.65864,0.65892,1.00,1.00
2015.11.06 12:20:02.930,0.65862,0.65892,1.00,1.00
2015.11.06 12:20:05.155,0.65861,0.65891,1.50,1.00
2015.11.06 12:20:05.419,0.6586,0.65889,1.50,1.00
2015.11.06 12:20:05.847,0.65856,0.65885,1.00,1.00
2015.11.06 12:20:06.225,0.6586,0.65885,1.00,1.00
2015.11.06 12:20:06.305,0.65856,0.65885,1.00,1.00
2015.11.06 12:20:07.173,0.65854,0.65883,1.00,1.00
2015.11.06 12:20:07.355,0.65855,0.65885,1.00,1.00
2015.11.06 12:20:07.726,0.65854,0.65883,1.00,1.00
2015.11.06 12:20:08.345,0.65854,0.65882,1.00,1.00
2015.11.06 12:20:09.136,0.65855,0.65883,1.00,1.00
2015.11.06 12:20:09.475,0.65859,0.65883,1.00,1.00
2015.11.06 12:20:09.626,0.65854,0.65882,1.00,1.00
2015.11.06 12:20:10.916,0.65854,0.65878,1.00,1.00
2015.11.06 12:20:11.067,0.65851,0.65878,1.00,1.00
2015.11.06 12:20:11.319,0.6585,0.65876,1.00,1.00
2015.11.06 12:20:11.644,0.6585,0.65874,1.00,1.00
2015.11.06 12:20:11.745,0.65845,0.65874,1.00,1.00
2015.11.06 12:20:13.017,0.65849,0.65874,1.00,1.00
2015.11.06 12:20:13.277,0.65844,0.65874,1.50,1.00
2015.11.06 12:20:13.328,0.65844,0.65871,1.00,1.00
2015.11.06 12:20:13.837,0.65844,0.6587,1.00,1.00
2015.11.06 12:20:14.266,0.65844,0.65872,1.00,1.00
2015.11.06 12:20:14.556,0.65842,0.65872,1.00,1.00
2015.11.06 12:20:14.767,0.65841,0.6587,1.00,1.00
2015.11.06 12:20:14.947,0.65839,0.65869,1.50,1.00
2015.11.06 12:20:15.098,0.65839,0.65866,1.00,1.00
2015.11.06 12:20:15.358,0.65836,0.65866,1.00,1.00
2015.11.06 12:20:15.715,0.65834,0.65864,1.50,1.00
2015.11.06 12:20:16.217,0.65835,0.65863,1.50,1.00
2015.11.06 12:20:18.574,0.65835,0.65864,1.00,1.00
2015.11.06 12:20:19.125,0.65835,0.65863,1.50,1.00
2015.11.06 12:20:20.909,0.65835,0.65864,1.00,1.00
2015.11.06 12:20:21.411,0.65835,0.65865,1.50,1.00
2015.11.06 12:20:21.762,0.65838,0.65868,1.00,1.50
2015.11.06 12:20:22.115,0.65839,0.65866,1.00,1.00
2015.11.06 12:20:24.237,0.6584,0.65866,1.00,1.50
2015.11.06 12:20:24.755,0.65839,0.65866,1.00,1.00
2015.11.06 12:20:24.970,0.65835,0.65864,1.00,1.50
2015.11.06 12:20:27.167,0.65834,0.65863,1.50,1.00
2015.11.06 12:20:30.094,0.65839,0.65863,1.00,1.00
2015.11.06 12:20:30.681,0.65839,0.65865,1.00,1.00
2015.11.06 12:20:31.183,0.65839,0.65866,1.00,1.50
2015.11.06 12:20:31.796,0.65838,0.65866,1.00,2.25
2015.11.06 12:20:32.335,0.65837,0.65866,1.00,1.50
2015.11.06 12:20:32.385,0.65839,0.65866,1.00,1.00
2015.11.06 12:20:32.536,0.65837,0.65865,1.00,1.00
2015.11.06 12:20:32.587,0.65835,0.65864,1.00,1.00
2015.11.06 12:20:32.788,0.65835,0.65861,1.00,1.00
2015.11.06 12:20:34.245,0.65834,0.65861,1.50,1.00
2015.11.06 12:20:34.555,0.65834,0.65863,1.00,1.00
2015.11.06 12:20:35.954,0.65834,0.65862,1.00,1.00
2015.11.06 12:20:36.614,0.65834,0.65864,1.50,1.00
2015.11.06 12:20:38.795,0.65835,0.65864,1.00,1.00
2015.11.06 12:20:39.305,0.65835,0.65863,1.00,1.00
2015.11.06 12:20:39.808,0.65834,0.65863,1.00,1.00
2015.11.06 12:20:43.594,0.65835,0.65863,1.00,1.00
2015.11.06 12:20:43.764,0.65837,0.65865,1.00,1.00
2015.11.06 12:20:44.017,0.65835,0.65864,1.00,1.00
2015.11.06 12:20:44.468,0.65839,0.65869,1.00,1.00
2015.11.06 12:20:45.025,0.6584,0.6587,1.00,1.00
2015.11.06 12:20:45.194,0.65839,0.65867,1.50,1.00
2015.11.06 12:20:45.305,0.6584,0.6587,1.00,1.00
2015.11.06 12:20:45.524,0.6584,0.65868,1.00,1.00
2015.11.06 12:20:45.900,0.65836,0.65866,1.00,1.00
2015.11.06 12:20:46.057,0.65835,0.65861,1.00,1.00
2015.11.06 12:20:46.344,0.65831,0.6586,1.00,1.00
2015.11.06 12:20:46.565,0.65834,0.6586,1.00,1.00
2015.11.06 12:20:47.328,0.65834,0.65857,1.00,1.00
2015.11.06 12:20:47.885,0.65829,0.65857,1.50,1.00
2015.11.06 12:20:48.324,0.65834,0.65858,1.00,1.00
2015.11.06 12:20:48.475,0.6583,0.65858,1.00,1.00
2015.11.06 12:20:48.719,0.65829,0.65855,1.00,1.00
2015.11.06 12:20:49.070,0.6583,0.65853,1.00,1.00
2015.11.06 12:20:50.034,0.6583,0.65851,1.00,1.00
2015.11.06 12:20:50.580,0.65835,0.65854,1.00,1.00
2015.11.06 12:20:50.630,0.65835,0.65858,1.00,1.00
2015.11.06 12:20:51.317,0.65834,0.65858,1.00,1.00
2015.11.06 12:20:51.465,0.6583,0.65858,1.00,1.00
2015.11.06 12:20:51.534,0.65835,0.65858,1.00,1.00
2015.11.06 12:20:51.584,0.65835,0.65861,1.00,1.50
2015.11.06 12:20:51.804,0.65835,0.65859,1.00,1.00
2015.11.06 12:20:51.904,0.65831,0.65859,1.00,1.00
2015.11.06 12:20:52.579,0.65829,0.65857,1.00,1.00
2015.11.06 12:20:56.084,0.65829,0.65856,1.00,1.00
2015.11.06 12:20:57.617,0.65834,0.65856,1.00,1.00
2015.11.06 12:20:57.768,0.65834,0.65859,1.00,1.00
2015.11.06 12:20:57.869,0.65834,0.65864,2.25,1.00
2015.11.06 12:20:57.954,0.65836,0.65864,1.00,1.00
2015.11.06 12:20:58.481,0.65835,0.65863,1.00,1.00
2015.11.06 12:21:00.815,0.65834,0.65864,1.50,1.00
2015.11.06 12:21:01.931,0.65838,0.65865,1.00,1.00
2015.11.06 12:21:02.754,0.65839,0.65865,1.00,1.00
2015.11.06 12:21:03.152,0.65839,0.65863,1.00,1.00
2015.11.06 12:21:03.333,0.65834,0.65863,1.50,1.00
2015.11.06 12:21:04.133,0.65834,0.65862,1.00,1.00
2015.11.06 12:21:06.313,0.65834,0.65863,1.50,1.00
2015.11.06 12:21:07.596,0.65835,0.65863,1.00,1.00
2015.11.06 12:21:08.151,0.65834,0.65863,1.50,1.00
2015.11.06 12:21:08.696,0.65835,0.65862,1.50,1.00
2015.11.06 12:21:10.176,0.65835,0.6586,1.00,1.00
2015.11.06 12:21:10.896,0.65834,0.6586,1.00,1.00
2015.11.06 12:21:11.506,0.65835,0.6586,1.00,1.00
2015.11.06 12:21:12.166,0.65834,0.6586,1.00,1.00
2015.11.06 12:21:12.375,0.65834,0.65862,1.00,1.00
2015.11.06 12:21:13.094,0.65835,0.65862,1.00,1.00
2015.11.06 12:21:13.818,0.65835,0.65861,1.00,1.00
2015.11.06 12:21:14.025,0.65835,0.65864,1.50,1.00
2015.11.06 12:21:14.134,0.65834,0.65862,1.00,1.00
2015.11.06 12:21:14.456,0.65834,0.6586,1.00,1.00
2015.11.06 12:21:15.139,0.65834,0.65861,1.50,1.00
2015.11.06 12:21:15.899,0.65834,0.6586,1.00,1.00
2015.11.06 12:21:18.015,0.65834,0.65862,1.00,1.00
2015.11.06 12:21:18.804,0.65835,0.65862,1.50,1.00
2015.11.06 12:21:19.306,0.65835,0.65863,1.00,1.00
2015.11.06 12:21:20.124,0.65836,0.65864,1.00,1.00
2015.11.06 12:21:21.274,0.65837,0.65865,1.00,1.00
2015.11.06 12:21:21.779,0.65838,0.65866,1.00,1.00
2015.11.06 12:21:22.435,0.65838,0.65865,1.00,1.00
2015.11.06 12:21:23.105,0.65838,0.65866,1.00,1.00
2015.11.06 12:21:24.153,0.6584,0.65866,1.00,1.00
2015.11.06 12:21:24.333,0.6584,0.65869,1.00,1.50
2015.11.06 12:21:24.384,0.65843,0.65869,1.00,1.00
2015.11.06 12:21:24.485,0.6584,0.65869,1.00,1.50
2015.11.06 12:21:25.085,0.65844,0.6587,1.00,1.00
2015.11.06 12:21:25.185,0.65844,0.65872,1.00,1.00
2015.11.06 12:21:25.746,0.65844,0.65873,1.50,1.50
2015.11.06 12:21:29.263,0.65845,0.65873,1.00,1.50
2015.11.06 12:21:31.245,0.65844,0.65873,1.50,1.50
2015.11.06 12:21:32.543,0.65845,0.65873,1.00,1.50
2015.11.06 12:21:33.072,0.65845,0.65872,1.00,1.00
2015.11.06 12:21:33.463,0.65843,0.6587,1.00,1.00
2015.11.06 12:21:33.773,0.65845,0.65868,1.00,1.00
2015.11.06 12:21:33.824,0.65841,0.65868,1.00,1.00
2015.11.06 12:21:33.997,0.65844,0.65868,1.00,1.00
2015.11.06 12:21:34.215,0.6584,0.65869,1.00,1.00
2015.11.06 12:21:34.316,0.65841,0.65871,1.00,2.25
2015.11.06 12:21:36.380,0.65839,0.65869,2.25,1.00
2015.11.06 12:21:36.865,0.65841,0.65871,1.50,2.25
2015.11.06 12:21:38.317,0.65843,0.65871,1.00,1.50
2015.11.06 12:21:38.518,0.65848,0.65877,1.50,1.00
2015.11.06 12:21:38.669,0.6585,0.65877,1.00,1.00
2015.11.06 12:21:38.773,0.65852,0.6588,1.00,1.50
2015.11.06 12:21:39.203,0.65854,0.65881,1.00,1.00
2015.11.06 12:21:39.937,0.65854,0.65884,1.00,1.50
2015.11.06 12:21:40.035,0.65854,0.65881,1.00,1.00
2015.11.06 12:21:40.085,0.65851,0.65881,1.00,1.50
2015.11.06 12:21:40.339,0.6585,0.65879,1.00,1.00
2015.11.06 12:21:40.654,0.65849,0.65877,1.00,1.00
2015.11.06 12:21:41.282,0.65848,0.65877,1.00,1.00
2015.11.06 12:21:41.966,0.65848,0.65878,1.50,1.00
2015.11.06 12:21:42.318,0.6585,0.65877,1.00,1.00
2015.11.06 12:21:42.544,0.65849,0.65879,1.50,1.00
2015.11.06 12:21:43.114,0.6585,0.65879,1.00,1.00
2015.11.06 12:21:45.144,0.65853,0.6588,1.00,1.50
2015.11.06 12:21:47.123,0.65852,0.6588,1.00,1.00
2015.11.06 12:21:47.353,0.6585,0.6588,1.00,1.00
2015.11.06 12:21:49.559,0.65849,0.65879,1.00,1.00
2015.11.06 12:21:49.766,0.65849,0.65877,1.00,1.00
2015.11.06 12:21:50.106,0.65851,0.65879,1.00,1.00
2015.11.06 12:21:50.621,0.65852,0.6588,1.00,1.50
2015.11.06 12:21:52.636,0.65853,0.65881,1.00,1.50
2015.11.06 12:21:53.218,0.65853,0.6588,1.00,1.00
2015.11.06 12:21:54.870,0.6585,0.6588,1.00,1.50
2015.11.06 12:21:55.386,0.65851,0.6588,1.00,1.00
2015.11.06 12:21:55.502,0.65849,0.65879,1.00,1.00
2015.11.06 12:21:56.569,0.6585,0.65879,1.00,1.00
2015.11.06 12:21:57.179,0.6585,0.6588,1.50,1.00
2015.11.06 12:21:57.926,0.65851,0.6588,1.00,1.00
2015.11.06 12:21:58.562,0.65853,0.65881,1.00,1.50
2015.11.06 12:22:00.247,0.6585,0.6588,1.50,1.00
2015.11.06 12:22:02.193,0.65851,0.65881,1.00,1.00
2015.11.06 12:22:02.964,0.65851,0.6588,1.00,1.00
2015.11.06 12:22:03.524,0.65851,0.65881,1.00,1.50
2015.11.06 12:22:04.283,0.65852,0.65879,1.00,1.00
2015.11.06 12:22:04.994,0.65852,0.65878,1.00,1.00
2015.11.06 12:22:05.095,0.65848,0.65876,1.00,1.00
2015.11.06 12:22:05.397,0.65851,0.6588,1.00,1.00
2015.11.06 12:22:06.044,0.65852,0.6588,1.00,1.00
2015.11.06 12:22:06.386,0.65852,0.65882,1.00,1.00
2015.11.06 12:22:06.487,0.65855,0.65883,1.00,1.00
2015.11.06 12:22:06.919,0.65855,0.65885,1.00,1.50
2015.11.06 12:22:06.970,0.65859,0.65885,1.00,1.00
2015.11.06 12:22:07.020,0.65859,0.65887,1.00,1.00
2015.11.06 12:22:09.017,0.65857,0.65887,1.00,1.00
2015.11.06 12:22:10.114,0.65857,0.65885,1.00,1.00
2015.11.06 12:22:11.323,0.65858,0.65887,1.00,1.00
2015.11.06 12:22:13.679,0.65861,0.65888,1.00,1.00
2015.11.06 12:22:14.219,0.65859,0.65888,1.00,1.00
2015.11.06 12:22:14.682,0.65859,0.65886,1.00,1.00
2015.11.06 12:22:14.922,0.65854,0.65883,1.00,1.00
2015.11.06 12:22:15.459,0.65853,0.65883,1.00,1.00
2015.11.06 12:22:18.480,0.65854,0.65883,1.00,1.00
2015.11.06 12:22:19.089,0.65853,0.65883,1.00,1.00
2015.11.06 12:22:21.162,0.65854,0.65882,1.00,1.00
2015.11.06 12:22:24.992,0.65853,0.65881,1.00,1.00
2015.11.06 12:22:26.904,0.65851,0.65881,1.00,1.00
2015.11.06 12:22:27.603,0.6585,0.6588,1.00,1.00
2015.11.06 12:22:32.471,0.65852,0.65879,1.00,1.00
2015.11.06 12:22:33.047,0.65853,0.6588,1.00,1.00
2015.11.06 12:22:33.423,0.65855,0.6588,1.00,1.00
2015.11.06 12:22:36.593,0.65853,0.6588,1.00,1.00
2015.11.06 12:22:37.913,0.65854,0.6588,1.00,1.00
2015.11.06 12:22:38.413,0.65851,0.65881,1.00,1.00
2015.11.06 12:22:38.724,0.65854,0.65884,1.50,1.00
2015.11.06 12:22:39.072,0.65857,0.65887,1.00,1.00
2015.11.06 12:22:39.612,0.65858,0.65888,1.00,1.00
2015.11.06 12:22:40.313,0.65859,0.65889,1.00,1.00
2015.11.06 12:22:40.923,0.6586,0.65889,1.00,1.00
2015.11.06 12:22:41.253,0.65862,0.65891,1.00,1.00
2015.11.06 12:22:42.963,0.65861,0.65888,1.00,1.00
2015.11.06 12:22:43.954,0.6586,0.65888,1.00,1.00
2015.11.06 12:22:47.584,0.6586,0.65889,1.00,1.00
2015.11.06 12:22:49.565,0.6586,0.65886,1.00,1.00
2015.11.06 12:22:53.415,0.6586,0.65887,1.50,1.00
2015.11.06 12:22:53.779,0.65864,0.65887,1.00,1.00
2015.11.06 12:22:54.963,0.6586,0.65887,1.50,1.00
2015.11.06 12:22:55.579,0.6586,0.65888,1.50,1.00
2015.11.06 12:22:55.629,0.65865,0.65888,1.00,1.00
2015.11.06 12:22:56.139,0.65865,0.65889,1.00,1.00
2015.11.06 12:22:57.509,0.65864,0.65889,1.00,1.00
2015.11.06 12:23:03.603,0.65864,0.65891,1.00,1.00
2015.11.06 12:23:03.654,0.65861,0.6589,1.50,1.00
2015.11.06 12:23:03.872,0.65864,0.65891,1.00,1.00
2015.11.06 12:23:04.092,0.65861,0.65891,1.50,1.00
2015.11.06 12:23:10.453,0.6586,0.65888,1.50,1.00
2015.11.06 12:23:11.018,0.6586,0.65889,1.00,1.00
2015.11.06 12:23:11.520,0.65861,0.65889,1.00,1.00
2015.11.06 12:23:12.731,0.65861,0.6589,1.50,1.00
2015.11.06 12:23:13.332,0.6586,0.6589,1.50,1.00
2015.11.06 12:23:13.722,0.6586,0.65887,1.00,1.00
2015.11.06 12:23:14.675,0.65864,0.65887,1.00,1.00
2015.11.06 12:23:14.797,0.65859,0.65887,1.50,1.00
2015.11.06 12:23:15.193,0.6586,0.65889,1.00,1.00
2015.11.06 12:23:15.695,0.65861,0.65889,1.00,1.00
2015.11.06 12:23:21.094,0.65861,0.65888,1.00,1.00
2015.11.06 12:23:23.111,0.65859,0.65888,1.50,1.00
2015.11.06 12:23:30.441,0.6586,0.65889,1.00,1.00
2015.11.06 12:23:33.219,0.65859,0.65889,1.00,1.00
2015.11.06 12:23:33.320,0.65854,0.65883,1.50,1.00
2015.11.06 12:23:33.849,0.65852,0.6588,1.00,1.00
2015.11.06 12:23:34.510,0.65854,0.65882,1.00,1.00
2015.11.06 12:23:35.724,0.65853,0.65881,1.00,1.00
2015.11.06 12:23:37.812,0.65852,0.6588,1.50,1.00
2015.11.06 12:23:41.257,0.65852,0.65881,1.00,1.00
2015.11.06 12:23:41.636,0.65858,0.65882,1.00,1.00
2015.11.06 12:23:42.475,0.65855,0.65882,1.00,1.00
2015.11.06 12:23:43.970,0.65853,0.65882,1.00,1.00
2015.11.06 12:23:44.435,0.65855,0.65884,1.00,1.00
2015.11.06 12:23:45.401,0.65857,0.65886,1.00,1.00
2015.11.06 12:23:45.878,0.65855,0.65884,1.00,1.00
2015.11.06 12:23:46.197,0.65851,0.6588,1.00,1.00
2015.11.06 12:23:46.720,0.6585,0.65878,1.50,1.00
2015.11.06 12:23:47.480,0.6585,0.65879,1.50,1.00
2015.11.06 12:23:49.181,0.65851,0.65878,1.00,1.00
2015.11.06 12:23:51.256,0.6585,0.65879,1.50,1.00
2015.11.06 12:23:51.771,0.65851,0.65878,1.00,1.00
2015.11.06 12:23:53.542,0.6585,0.65878,1.00,1.00
2015.11.06 12:23:54.531,0.65851,0.6588,1.00,1.00
2015.11.06 12:23:55.520,0.6585,0.6588,1.00,1.00
2015.11.06 12:23:56.730,0.65851,0.65881,1.00,1.00
2015.11.06 12:23:57.721,0.6585,0.6588,1.00,1.00
2015.11.06 12:23:58.072,0.65849,0.65877,1.00,1.00
2015.11.06 12:23:58.319,0.65847,0.65877,1.00,1.00
2015.11.06 12:24:00.334,0.65848,0.65877,1.00,1.00
2015.11.06 12:24:00.690,0.6585,0.6588,1.00,1.50
2015.11.06 12:24:01.923,0.65852,0.65881,1.00,1.00
2015.11.06 12:24:02.342,0.65852,0.65879,1.00,1.00
2015.11.06 12:24:03.990,0.65853,0.65883,1.00,1.00
2015.11.06 12:24:06.961,0.65852,0.65882,1.00,1.00
2015.11.06 12:24:07.181,0.65851,0.6588,1.00,1.00
2015.11.06 12:24:07.802,0.65852,0.65881,1.00,1.00
2015.11.06 12:24:08.610,0.65851,0.6588,1.00,1.00
2015.11.06 12:24:09.273,0.6585,0.65879,1.00,1.00
2015.11.06 12:24:10.041,0.65852,0.65881,1.00,1.00
2015.11.06 12:24:12.351,0.65851,0.65881,1.00,1.00
2015.11.06 12:24:13.561,0.6585,0.65879,1.00,1.00
2015.11.06 12:24:14.111,0.65848,0.65878,1.50,1.00
2015.11.06 12:24:14.703,0.65848,0.65877,1.00,1.00
2015.11.06 12:24:14.910,0.65846,0.65876,2.25,1.00
2015.11.06 12:24:15.010,0.65846,0.65873,1.00,1.00
2015.11.06 12:24:15.357,0.65844,0.65873,1.50,1.00
2015.11.06 12:24:15.744,0.65846,0.65873,1.00,1.00
2015.11.06 12:24:15.795,0.65847,0.65877,1.00,1.00
2015.11.06 12:24:16.310,0.65847,0.65874,1.00,1.00
2015.11.06 12:24:16.530,0.65849,0.65877,1.00,1.00
2015.11.06 12:24:17.747,0.65847,0.65877,1.50,1.00
2015.11.06 12:24:21.369,0.65847,0.65875,1.00,1.00
2015.11.06 12:24:21.809,0.65845,0.65873,1.50,1.00
2015.11.06 12:24:23.619,0.65847,0.65874,1.00,1.00
2015.11.06 12:24:24.014,0.65848,0.65876,1.00,1.00
2015.11.06 12:24:24.520,0.65848,0.65875,1.00,1.00
2015.11.06 12:24:26.542,0.65847,0.65877,1.00,1.00
2015.11.06 12:24:27.984,0.65848,0.65878,1.00,1.00
2015.11.06 12:24:28.238,0.65848,0.65876,1.00,1.00
2015.11.06 12:24:29.949,0.65849,0.65879,1.00,1.00
2015.11.06 12:24:30.173,0.65851,0.65879,1.00,1.00
2015.11.06 12:24:30.393,0.65849,0.65879,1.00,1.00
2015.11.06 12:24:31.490,0.6585,0.6588,1.00,1.00
2015.11.06 12:24:32.080,0.65851,0.65881,1.00,1.00
2015.11.06 12:24:32.590,0.65849,0.65878,1.50,1.00
2015.11.06 12:24:34.829,0.65848,0.65878,1.00,1.00
2015.11.06 12:24:35.368,0.65849,0.65877,1.00,1.00
2015.11.06 12:24:35.569,0.65851,0.6588,1.00,1.00
2015.11.06 12:24:35.670,0.65853,0.65882,1.00,1.00
2015.11.06 12:24:36.447,0.65851,0.6588,1.00,1.00
2015.11.06 12:24:36.880,0.65848,0.65877,1.50,1.00
2015.11.06 12:24:37.878,0.65847,0.65874,1.00,1.00
2015.11.06 12:24:38.309,0.65845,0.65874,1.50,1.00
2015.11.06 12:24:38.864,0.65845,0.65872,1.00,1.00
2015.11.06 12:24:39.327,0.65846,0.65876,1.00,1.00
2015.11.06 12:24:40.114,0.65845,0.65875,1.50,1.00
2015.11.06 12:24:40.619,0.65848,0.65876,1.00,1.00
2015.11.06 12:24:40.839,0.65845,0.65875,2.25,1.00
2015.11.06 12:24:41.428,0.65846,0.65876,1.00,1.00
2015.11.06 12:24:42.271,0.65845,0.65875,2.25,1.00
2015.11.06 12:24:42.792,0.65846,0.65876,1.00,1.00
2015.11.06 12:24:43.320,0.65845,0.65875,1.50,1.00
2015.11.06 12:24:43.850,0.65846,0.65876,1.00,1.00
2015.11.06 12:24:44.254,0.65848,0.65876,1.00,1.00
2015.11.06 12:24:44.474,0.65846,0.65876,1.00,1.00
2015.11.06 12:24:44.580,0.65845,0.65873,1.50,1.00
2015.11.06 12:24:44.689,0.65845,0.65875,2.25,1.00
2015.11.06 12:24:45.225,0.65846,0.65876,1.00,1.00
2015.11.06 12:24:45.276,0.65848,0.65878,1.00,1.00
2015.11.06 12:24:45.640,0.65845,0.65875,2.25,1.00
2015.11.06 12:24:46.093,0.65847,0.65875,1.00,1.00
2015.11.06 12:24:46.628,0.65846,0.65876,1.00,1.00
2015.11.06 12:24:47.219,0.65847,0.65875,1.00,1.00
2015.11.06 12:24:47.580,0.65845,0.65873,1.50,1.00
2015.11.06 12:24:47.904,0.65847,0.65875,1.00,1.00
2015.11.06 12:24:48.422,0.65847,0.65876,1.00,1.00
2015.11.06 12:24:48.791,0.65847,0.65874,1.00,1.00
2015.11.06 12:24:48.984,0.65849,0.65878,1.00,1.00
2015.11.06 12:24:49.164,0.65847,0.65876,1.50,1.00
2015.11.06 12:24:49.689,0.65846,0.65875,1.00,1.00
2015.11.06 12:24:50.193,0.65848,0.65877,1.00,1.00
2015.11.06 12:24:50.510,0.65846,0.65873,1.00,1.00
2015.11.06 12:24:52.290,0.65846,0.65875,1.00,1.00
2015.11.06 12:24:52.391,0.65848,0.65877,1.00,1.00
2015.11.06 12:24:54.590,0.65849,0.65878,1.00,1.00
2015.11.06 12:24:54.892,0.65852,0.6588,1.00,1.00
2015.11.06 12:24:55.143,0.65855,0.65884,1.00,1.00
2015.11.06 12:24:55.455,0.65857,0.65886,1.00,1.00
2015.11.06 12:24:56.050,0.65856,0.65885,1.50,1.00
2015.11.06 12:24:57.903,0.65855,0.65885,1.00,1.00
2015.11.06 12:24:58.456,0.65853,0.65882,1.00,1.00
2015.11.06 12:24:59.071,0.65852,0.65881,1.50,1.00
2015.11.06 12:24:59.710,0.65852,0.6588,1.00,1.00
2015.11.06 12:25:01.290,0.65852,0.65879,1.00,1.00
2015.11.06 12:25:02.105,0.65851,0.65879,1.00,1.00
2015.11.06 12:25:02.962,0.65853,0.65881,1.00,1.00
2015.11.06 12:25:03.169,0.65853,0.65883,1.00,1.00
2015.11.06 12:25:03.420,0.65855,0.65885,1.00,1.00
2015.11.06 12:25:03.972,0.65854,0.65884,1.00,1.00
2015.11.06 12:25:04.273,0.65854,0.65882,1.00,1.00
2015.11.06 12:25:04.374,0.65848,0.65877,1.00,1.00
2015.11.06 12:25:04.895,0.65849,0.65877,1.00,1.00
2015.11.06 12:25:07.149,0.65848,0.65876,1.00,1.00
2015.11.06 12:25:07.891,0.65846,0.65874,1.00,1.00
2015.11.06 12:25:11.893,0.65845,0.65875,1.00,1.00
2015.11.06 12:25:20.682,0.65847,0.65877,1.00,1.00
2015.11.06 12:25:21.116,0.65849,0.65879,1.50,1.00
2015.11.06 12:25:22.458,0.65851,0.65881,1.00,1.00
2015.11.06 12:25:23.097,0.6585,0.6588,1.00,1.00
2015.11.06 12:25:24.170,0.65849,0.65877,2.25,1.00
2015.11.06 12:25:24.281,0.6585,0.6588,1.00,1.00
2015.11.06 12:25:31.650,0.6585,0.65878,1.00,1.00
2015.11.06 12:25:37.811,0.6585,0.65879,1.00,1.00
2015.11.06 12:25:44.080,0.6585,0.6588,1.50,1.00
2015.11.06 12:25:45.646,0.65849,0.65878,1.00,1.00
2015.11.06 12:25:45.975,0.65848,0.65876,1.00,1.00
2015.11.06 12:25:55.629,0.65847,0.65877,1.00,1.00
2015.11.06 12:25:56.961,0.6585,0.65877,1.00,1.00
2015.11.06 12:25:57.720,0.6585,0.65879,1.00,1.00
2015.11.06 12:26:00.250,0.65851,0.65879,1.00,1.00
2015.11.06 12:26:00.436,0.65848,0.65878,1.00,1.00
2015.11.06 12:26:01.125,0.65849,0.65879,1.00,1.00
2015.11.06 12:26:01.784,0.65848,0.65878,1.00,1.00
2015.11.06 12:26:02.445,0.65849,0.65878,1.00,1.00
2015.11.06 12:26:03.549,0.65851,0.65878,1.00,1.00
2015.11.06 12:26:03.661,0.65851,0.6588,1.00,1.00
2015.11.06 12:26:08.280,0.65851,0.65879,1.00,1.00
2015.11.06 12:26:11.592,0.65848,0.65878,1.00,1.00
2015.11.06 12:26:12.318,0.65849,0.65878,1.00,1.00
2015.11.06 12:26:12.368,0.65851,0.65879,1.00,1.00
2015.11.06 12:26:17.629,0.65851,0.6588,1.00,1.00
2015.11.06 12:26:18.621,0.65853,0.6588,1.00,1.00
2015.11.06 12:26:18.672,0.65853,0.65882,1.00,1.50
2015.11.06 12:26:19.305,0.65854,0.65882,1.00,1.50
2015.11.06 12:26:19.829,0.65852,0.65882,1.00,1.50
2015.11.06 12:26:20.090,0.65852,0.65879,1.00,1.00
2015.11.06 12:26:20.662,0.65851,0.65878,1.00,1.00
2015.11.06 12:26:23.130,0.6585,0.65878,1.00,1.00
2015.11.06 12:26:23.240,0.65847,0.65877,1.00,1.00
2015.11.06 12:26:23.460,0.65849,0.65879,1.00,1.00
2015.11.06 12:26:25.216,0.65849,0.65878,1.00,1.00
2015.11.06 12:26:27.255,0.65849,0.65877,1.00,1.00
2015.11.06 12:26:27.456,0.65847,0.65876,1.00,1.50
2015.11.06 12:26:27.557,0.65845,0.65874,1.00,1.00
2015.11.06 12:26:29.631,0.65845,0.65875,1.00,1.00
2015.11.06 12:26:30.982,0.65845,0.65873,1.00,1.00
2015.11.06 12:26:32.370,0.65844,0.65873,1.50,1.00
2015.11.06 12:26:34.205,0.65844,0.65871,1.50,1.00
2015.11.06 12:26:36.638,0.65844,0.65873,1.00,1.00
2015.11.06 12:26:36.988,0.65844,0.65871,1.00,1.00
2015.11.06 12:26:37.318,0.65844,0.65873,1.00,1.00
2015.11.06 12:26:39.334,0.65844,0.65874,1.50,1.00
2015.11.06 12:26:40.875,0.65844,0.65873,1.00,1.00
2015.11.06 12:26:42.049,0.65845,0.65874,1.00,1.00
2015.11.06 12:26:52.058,0.65846,0.65874,1.00,1.00
2015.11.06 12:26:58.021,0.65847,0.65876,1.00,1.50
2015.11.06 12:26:58.537,0.65848,0.65875,1.00,1.00
2015.11.06 12:26:59.978,0.65848,0.65877,1.00,1.00
2015.11.06 12:27:00.528,0.65848,0.65878,1.00,1.50
2015.11.06 12:27:00.778,0.65847,0.65875,1.00,1.00
2015.11.06 12:27:01.441,0.65846,0.65875,1.00,1.50
2015.11.06 12:27:02.068,0.65845,0.65874,1.00,1.00
2015.11.06 12:27:04.871,0.65849,0.65874,1.00,1.00
2015.11.06 12:27:05.438,0.65849,0.65873,1.00,1.00
2015.11.06 12:27:05.588,0.65849,0.65875,1.00,1.50
2015.11.06 12:27:06.148,0.65849,0.65874,1.00,1.00
2015.11.06 12:27:06.895,0.6585,0.65874,1.00,1.00
2015.11.06 12:27:07.095,0.65847,0.65874,1.00,1.00
2015.11.06 12:27:07.146,0.65845,0.65874,1.50,1.00
2015.11.06 12:27:07.314,0.65845,0.65872,1.50,1.00
2015.11.06 12:27:08.129,0.65845,0.65871,1.50,1.00
2015.11.06 12:27:08.335,0.65845,0.65875,1.50,1.50
2015.11.06 12:27:09.548,0.65847,0.65875,1.00,1.50
2015.11.06 12:27:09.658,0.65845,0.65875,1.50,1.50
2015.11.06 12:27:10.357,0.65845,0.65874,1.00,1.00
2015.11.06 12:27:10.881,0.65844,0.65874,1.50,1.00
2015.11.06 12:27:10.981,0.65844,0.65871,1.00,1.00
2015.11.06 12:27:11.283,0.65842,0.65869,1.00,1.00
2015.11.06 12:27:11.333,0.65839,0.65869,1.00,1.00
2015.11.06 12:27:11.860,0.6584,0.65868,1.00,1.00
2015.11.06 12:27:12.102,0.65837,0.65866,1.00,1.00
2015.11.06 12:27:13.489,0.65839,0.65867,1.00,1.00
2015.11.06 12:27:13.839,0.65844,0.65871,1.00,1.00
2015.11.06 12:27:14.813,0.65846,0.65871,1.00,1.00
2015.11.06 12:27:18.019,0.65846,0.6587,1.00,1.00
2015.11.06 12:27:18.789,0.65846,0.65868,1.00,1.00
2015.11.06 12:27:19.372,0.65845,0.65868,1.00,1.00
2015.11.06 12:27:21.098,0.65845,0.65869,1.00,1.00
2015.11.06 12:27:27.013,0.65843,0.65869,1.00,1.00
2015.11.06 12:27:27.154,0.65845,0.6587,1.00,1.00
2015.11.06 12:27:27.588,0.65845,0.65872,1.00,1.00
2015.11.06 12:27:27.697,0.65845,0.6587,1.00,1.00
2015.11.06 12:27:29.733,0.65843,0.6587,1.00,1.00
2015.11.06 12:27:31.723,0.65844,0.6587,1.00,1.00
2015.11.06 12:27:36.770,0.65845,0.6587,1.00,1.00
2015.11.06 12:27:37.089,0.65845,0.65867,1.00,1.00
2015.11.06 12:27:37.314,0.65845,0.65871,1.00,1.00
2015.11.06 12:27:37.414,0.65844,0.65869,1.00,1.00
2015.11.06 12:27:37.923,0.65845,0.65869,1.00,1.00
2015.11.06 12:27:38.304,0.65844,0.65867,1.00,1.00
2015.11.06 12:27:40.084,0.65843,0.65867,1.00,1.00
2015.11.06 12:27:40.893,0.65844,0.65866,1.00,1.00
2015.11.06 12:27:41.603,0.65844,0.65867,1.00,1.00
2015.11.06 12:27:43.277,0.65845,0.65867,1.00,1.00
2015.11.06 12:27:43.327,0.65845,0.65869,1.00,1.00
2015.11.06 12:27:43.482,0.65845,0.65871,1.00,1.00
2015.11.06 12:27:43.685,0.65846,0.65873,1.00,1.00
2015.11.06 12:27:44.230,0.65846,0.65872,1.00,1.00
2015.11.06 12:27:44.905,0.65846,0.65873,1.00,1.00
2015.11.06 12:27:46.184,0.65846,0.65874,1.50,1.00
2015.11.06 12:27:46.338,0.65849,0.65874,1.00,1.00
2015.11.06 12:27:46.885,0.65849,0.65875,1.50,1.00
2015.11.06 12:27:48.377,0.65849,0.65874,1.50,1.00
2015.11.06 12:27:48.900,0.65849,0.65875,1.50,1.00
2015.11.06 12:27:54.049,0.6585,0.65875,1.00,1.00
2015.11.06 12:27:54.689,0.6585,0.65874,1.00,1.00
2015.11.06 12:27:58.827,0.6585,0.65875,1.00,1.00
2015.11.06 12:27:59.539,0.65849,0.65875,1.50,1.00
2015.11.06 12:28:00.319,0.6585,0.65875,1.00,1.00
2015.11.06 12:28:01.315,0.65849,0.65875,1.00,1.00
2015.11.06 12:28:01.654,0.65847,0.65873,1.00,1.00
2015.11.06 12:28:05.317,0.65847,0.65872,1.00,1.00
2015.11.06 12:28:08.727,0.65847,0.65873,1.00,1.00
2015.11.06 12:28:09.337,0.65847,0.65872,1.00,1.00
2015.11.06 12:28:10.939,0.65845,0.65872,1.00,1.00
2015.11.06 12:28:11.140,0.65843,0.65872,1.00,1.00
2015.11.06 12:28:11.191,0.65839,0.65866,1.50,1.00
2015.11.06 12:28:11.495,0.65838,0.65864,1.00,1.00
2015.11.06 12:28:11.747,0.65836,0.65863,1.00,1.00
2015.11.06 12:28:12.673,0.65838,0.65863,1.00,1.00
2015.11.06 12:28:13.288,0.65838,0.65864,1.00,1.00
2015.11.06 12:28:15.217,0.65838,0.65863,1.00,1.00
2015.11.06 12:28:16.496,0.65836,0.65863,1.50,1.00
2015.11.06 12:28:16.756,0.65836,0.6586,1.00,1.00
2015.11.06 12:28:17.088,0.6584,0.65865,1.00,1.00
2015.11.06 12:28:17.239,0.65843,0.65865,1.00,1.00
2015.11.06 12:28:17.340,0.65844,0.65868,1.00,1.00
2015.11.06 12:28:17.440,0.65844,0.65871,1.50,1.50
2015.11.06 12:28:17.656,0.65846,0.65871,1.00,1.00
2015.11.06 12:28:19.213,0.65846,0.65872,1.00,1.00
2015.11.06 12:28:19.516,0.65849,0.65872,1.00,1.00
2015.11.06 12:28:21.377,0.65849,0.65874,1.00,1.00
2015.11.06 12:28:21.937,0.65849,0.65875,1.00,1.00
2015.11.06 12:28:22.467,0.6585,0.65878,1.00,1.00
2015.11.06 12:28:22.577,0.6585,0.65876,1.00,1.00
2015.11.06 12:28:24.074,0.65849,0.65876,1.00,1.00
2015.11.06 12:28:24.225,0.65846,0.65875,1.00,1.50
2015.11.06 12:28:24.336,0.65846,0.65873,1.00,1.00
2015.11.06 12:28:24.714,0.65844,0.65871,1.00,1.00
2015.11.06 12:28:25.111,0.65842,0.65867,1.00,1.00
2015.11.06 12:28:25.623,0.65841,0.65867,1.00,1.00
2015.11.06 12:28:28.386,0.65841,0.65866,1.00,1.00
2015.11.06 12:28:29.381,0.65841,0.65867,1.00,1.00
2015.11.06 12:28:29.888,0.65843,0.65868,1.00,1.00
2015.11.06 12:28:31.414,0.65841,0.65868,1.00,1.00
2015.11.06 12:28:33.686,0.65841,0.65867,1.00,1.00
2015.11.06 12:28:35.116,0.65841,0.65868,1.50,1.00
2015.11.06 12:28:35.664,0.65841,0.65867,1.00,1.00
2015.11.06 12:28:36.767,0.65841,0.65866,1.00,1.00
2015.11.06 12:28:37.828,0.65844,0.65866,1.00,1.00
2015.11.06 12:28:37.878,0.65844,0.6587,1.00,1.00
2015.11.06 12:28:38.103,0.65844,0.65872,1.00,1.00
2015.11.06 12:28:38.204,0.65844,0.65869,1.00,1.00
2015.11.06 12:28:38.782,0.65845,0.65872,1.00,1.00
2015.11.06 12:28:39.478,0.65844,0.65872,1.00,1.00
2015.11.06 12:28:39.528,0.65846,0.65873,1.00,1.00
2015.11.06 12:28:44.796,0.65846,0.65871,1.00,1.00
2015.11.06 12:28:52.495,0.65846,0.6587,1.00,1.00
2015.11.06 12:28:53.278,0.65847,0.6587,1.00,1.00
2015.11.06 12:28:53.529,0.65849,0.65875,1.00,1.00
2015.11.06 12:28:55.276,0.65849,0.65873,1.00,1.00
2015.11.06 12:28:56.941,0.65849,0.65871,1.00,1.00
2015.11.06 12:28:57.500,0.65849,0.65872,1.00,1.00
2015.11.06 12:29:00.266,0.65847,0.65872,1.00,1.00
2015.11.06 12:29:02.678,0.65844,0.65872,1.50,1.00
2015.11.06 12:29:02.728,0.65844,0.65864,1.00,1.00
2015.11.06 12:29:02.831,0.6584,0.65864,1.00,1.00
2015.11.06 12:29:02.970,0.6584,0.6586,1.00,1.00
2015.11.06 12:29:03.020,0.65835,0.6586,1.00,1.00
2015.11.06 12:29:03.121,0.65836,0.65864,1.00,1.00
2015.11.06 12:29:05.960,0.65836,0.65863,1.00,1.00
2015.11.06 12:29:06.543,0.65839,0.65863,1.00,1.00
2015.11.06 12:29:09.325,0.65839,0.65864,1.00,1.00
2015.11.06 12:29:12.587,0.6584,0.65864,1.00,1.00
2015.11.06 12:29:12.637,0.6584,0.65867,1.00,1.00
2015.11.06 12:29:12.738,0.65844,0.65867,1.00,1.00
2015.11.06 12:29:12.858,0.65844,0.65871,1.00,1.00
2015.11.06 12:29:12.963,0.65845,0.65875,1.00,1.00
2015.11.06 12:29:13.195,0.65844,0.65873,1.50,1.00
2015.11.06 12:29:13.442,0.65845,0.65875,1.00,1.00
2015.11.06 12:29:13.616,0.65845,0.65873,1.00,1.00
2015.11.06 12:29:14.126,0.65845,0.65874,1.50,1.00
2015.11.06 12:29:14.888,0.65846,0.65875,1.00,1.00
2015.11.06 12:29:15.486,0.65845,0.65873,1.50,1.00
2015.11.06 12:29:15.788,0.65842,0.6587,1.00,1.00
2015.11.06 12:29:15.839,0.65839,0.65869,1.50,1.00
2015.11.06 12:29:15.889,0.65839,0.65866,1.00,1.00
2015.11.06 12:29:16.039,0.65837,0.65865,1.00,1.00
2015.11.06 12:29:16.147,0.65835,0.65863,1.00,1.00
2015.11.06 12:29:16.476,0.65833,0.65863,1.00,1.00
2015.11.06 12:29:16.632,0.65833,0.6586,1.00,1.00
2015.11.06 12:29:16.807,0.65831,0.6586,1.50,1.00
2015.11.06 12:29:16.907,0.65834,0.6586,1.00,1.00
2015.11.06 12:29:17.430,0.6583,0.65859,1.00,1.00
2015.11.06 12:29:17.581,0.65834,0.65857,1.00,1.00
2015.11.06 12:29:17.796,0.65834,0.65861,1.00,1.00
2015.11.06 12:29:18.413,0.65835,0.65861,1.00,1.00
2015.11.06 12:29:18.569,0.65835,0.65864,1.50,1.00
2015.11.06 12:29:18.688,0.6584,0.65866,1.00,1.00
2015.11.06 12:29:19.128,0.65839,0.65869,1.50,1.00
2015.11.06 12:29:19.838,0.6584,0.65869,1.00,1.00
2015.11.06 12:29:20.342,0.6584,0.6587,1.50,1.50
2015.11.06 12:29:20.445,0.65842,0.65871,1.00,1.50
2015.11.06 12:29:20.795,0.65845,0.65871,1.00,1.00
2015.11.06 12:29:22.598,0.65842,0.6587,1.00,1.00
2015.11.06 12:29:22.707,0.65844,0.65871,1.00,1.00
2015.11.06 12:29:22.859,0.65842,0.6587,1.00,1.00
2015.11.06 12:29:22.975,0.6584,0.6587,2.25,1.50
2015.11.06 12:29:23.625,0.6584,0.65868,2.25,1.00
2015.11.06 12:29:24.578,0.65844,0.65868,1.00,1.00
2015.11.06 12:29:24.923,0.6584,0.65868,1.50,1.00
2015.11.06 12:29:30.180,0.65841,0.65869,1.00,1.00
2015.11.06 12:29:36.385,0.6584,0.6587,2.25,1.00
2015.11.06 12:29:37.011,0.65841,0.65871,1.00,1.00
2015.11.06 12:29:37.676,0.65842,0.65872,1.00,1.00
2015.11.06 12:29:37.927,0.65844,0.65873,1.00,1.00
2015.11.06 12:29:39.026,0.65843,0.65872,1.00,1.00
2015.11.06 12:29:41.555,0.65842,0.6587,1.50,1.00
2015.11.06 12:29:42.163,0.65842,0.65871,1.00,1.00
2015.11.06 12:29:44.966,0.65842,0.6587,1.00,1.00
2015.11.06 12:29:45.340,0.65844,0.65873,1.00,1.00
2015.11.06 12:29:45.892,0.65845,0.65874,1.50,1.00
2015.11.06 12:29:48.410,0.65844,0.65872,1.00,1.00
2015.11.06 12:29:48.999,0.65843,0.65871,1.00,1.00
2015.11.06 12:29:50.025,0.65843,0.6587,1.00,1.00
2015.11.06 12:29:50.780,0.65843,0.65871,1.00,1.00
2015.11.06 12:29:54.534,0.65843,0.6587,1.00,1.00
2015.11.06 12:29:55.717,0.65844,0.6587,1.00,1.00
2015.11.06 12:29:55.768,0.65845,0.65873,1.00,1.00
2015.11.06 12:29:55.869,0.65846,0.65875,1.00,1.50
2015.11.06 12:29:56.390,0.65847,0.65875,1.00,1.00
2015.11.06 12:29:56.872,0.65849,0.65876,1.00,1.00
2015.11.06 12:29:59.907,0.6585,0.65876,1.00,1.00
2015.11.06 12:30:00.281,0.6585,0.65879,1.00,1.00
2015.11.06 12:30:00.482,0.65854,0.65879,1.00,1.00
2015.11.06 12:30:00.583,0.6585,0.65879,1.00,1.00
2015.11.06 12:30:01.024,0.65855,0.65878,1.00,1.00
2015.11.06 12:30:01.124,0.65851,0.65878,1.00,1.00
2015.11.06 12:30:01.229,0.65859,0.65877,1.00,1.00
2015.11.06 12:30:01.385,0.65854,0.65877,1.00,1.00
2015.11.06 12:30:01.486,0.6586,0.65885,1.00,1.00
2015.11.06 12:30:01.667,0.65858,0.65885,1.00,1.50
2015.11.06 12:30:03.796,0.65856,0.65886,1.50,1.50
2015.11.06 12:30:04.484,0.65856,0.65885,1.50,1.00
2015.11.06 12:30:06.677,0.65857,0.65885,1.00,1.00
2015.11.06 12:30:07.203,0.65857,0.65886,1.00,1.00
2015.11.06 12:30:07.406,0.6586,0.65886,1.00,1.00
2015.11.06 12:30:07.507,0.6586,0.65889,1.00,1.00
2015.11.06 12:30:08.053,0.65861,0.65889,1.00,1.00
2015.11.06 12:30:12.276,0.65859,0.65889,1.00,1.00
2015.11.06 12:30:13.046,0.65861,0.65889,1.00,1.00
2015.11.06 12:30:15.152,0.6586,0.6589,1.00,1.00
2015.11.06 12:30:15.555,0.65863,0.65891,1.00,1.50
2015.11.06 12:30:15.657,0.65861,0.65891,1.00,1.50
2015.11.06 12:30:18.109,0.65861,0.65888,1.00,1.00
2015.11.06 12:30:18.428,0.65862,0.65891,1.00,1.00
2015.11.06 12:30:25.115,0.65861,0.65891,1.50,1.00
2015.11.06 12:30:27.446,0.65861,0.6589,1.50,1.00
2015.11.06 12:30:28.886,0.65862,0.65891,1.00,1.00
2015.11.06 12:30:29.498,0.65861,0.6589,1.50,1.00
2015.11.06 12:30:29.549,0.65861,0.65888,1.00,1.00
2015.11.06 12:30:30.051,0.6586,0.65888,1.50,1.00
2015.11.06 12:30:30.101,0.6586,0.6589,1.50,1.00
2015.11.06 12:30:30.176,0.65862,0.65892,1.00,1.00
2015.11.06 12:30:30.596,0.65862,0.65889,1.50,1.00
2015.11.06 12:30:31.140,0.65861,0.65888,1.00,1.00
2015.11.06 12:30:31.496,0.6586,0.6589,1.50,1.00
2015.11.06 12:30:33.256,0.65861,0.65891,1.00,1.00
2015.11.06 12:30:39.086,0.65862,0.65892,1.00,1.00
2015.11.06 12:30:39.636,0.65863,0.65891,1.00,1.00
2015.11.06 12:30:40.219,0.65863,0.65892,1.00,1.00
2015.11.06 12:30:40.320,0.65864,0.65894,1.00,1.00
2015.11.06 12:30:40.971,0.65866,0.65894,1.00,1.00
2015.11.06 12:30:41.072,0.65867,0.65896,1.00,1.00
2015.11.06 12:30:41.310,0.65865,0.65895,1.00,1.00
2015.11.06 12:30:41.773,0.65868,0.65896,1.00,1.00
2015.11.06 12:30:42.173,0.65866,0.65896,1.50,1.00
2015.11.06 12:30:42.736,0.65869,0.65895,1.00,1.00
2015.11.06 12:30:49.177,0.65866,0.65895,1.00,1.00
2015.11.06 12:30:57.125,0.65866,0.65896,1.50,1.00
2015.11.06 12:30:57.226,0.65868,0.65896,1.00,1.00
2015.11.06 12:30:57.536,0.6587,0.65898,1.00,1.00
2015.11.06 12:30:57.804,0.6587,0.659,1.00,1.00
2015.11.06 12:30:59.543,0.65871,0.659,1.00,1.00
2015.11.06 12:31:00.153,0.65872,0.65901,1.00,1.50
2015.11.06 12:31:01.525,0.65872,0.65902,1.00,1.00
2015.11.06 12:31:02.236,0.65871,0.65901,1.50,1.00
2015.11.06 12:31:02.766,0.65871,0.65898,1.00,1.00
2015.11.06 12:31:02.955,0.65872,0.659,1.00,1.00
2015.11.06 12:31:06.694,0.65871,0.659,1.50,1.00
2015.11.06 12:31:08.815,0.65872,0.659,1.00,1.00
2015.11.06 12:31:10.766,0.65871,0.65901,1.50,1.00
2015.11.06 12:31:19.658,0.65871,0.659,1.50,1.00
2015.11.06 12:31:20.206,0.65871,0.65901,1.50,1.50
2015.11.06 12:31:20.256,0.65871,0.65897,1.00,1.00
2015.11.06 12:31:20.457,0.6587,0.659,1.50,1.50
2015.11.06 12:31:21.061,0.65871,0.65901,1.00,1.00
2015.11.06 12:31:21.634,0.65872,0.659,1.00,1.00
2015.11.06 12:31:23.094,0.6587,0.65899,1.00,1.00
2015.11.06 12:31:23.195,0.65869,0.65896,1.00,1.00
2015.11.06 12:31:23.296,0.65867,0.65896,1.00,1.00
2015.11.06 12:31:23.447,0.65865,0.65895,1.50,1.00
2015.11.06 12:31:24.502,0.65865,0.65894,1.00,1.00
2015.11.06 12:31:25.007,0.65864,0.65893,1.00,1.50
2015.11.06 12:31:26.261,0.65862,0.6589,1.00,1.00
2015.11.06 12:31:26.576,0.6586,0.65887,1.00,1.50
2015.11.06 12:31:27.335,0.65859,0.65887,1.00,1.50
2015.11.06 12:31:27.965,0.65859,0.65886,1.00,1.00
2015.11.06 12:31:28.066,0.65857,0.65886,1.00,1.50
2015.11.06 12:31:28.237,0.65859,0.65886,1.00,1.00
2015.11.06 12:31:28.787,0.6586,0.65886,1.00,1.00
2015.11.06 12:31:28.888,0.6586,0.65888,1.00,1.00
2015.11.06 12:31:29.104,0.65859,0.65886,1.00,1.00
2015.11.06 12:31:29.665,0.6586,0.65886,1.00,1.00
2015.11.06 12:31:30.769,0.65859,0.65886,1.00,1.00
2015.11.06 12:31:34.536,0.65859,0.65885,1.00,1.00
2015.11.06 12:31:34.737,0.65852,0.65882,1.00,1.50
2015.11.06 12:31:35.280,0.65852,0.65881,1.00,1.00
2015.11.06 12:31:36.283,0.65853,0.65882,1.00,1.00
2015.11.06 12:31:36.587,0.65856,0.65884,1.00,1.00
2015.11.06 12:31:37.155,0.65855,0.65883,1.00,1.00
2015.11.06 12:31:38.365,0.65854,0.65883,1.50,1.00
2015.11.06 12:31:39.115,0.65856,0.65883,1.00,1.00
2015.11.06 12:31:45.604,0.65854,0.65883,1.50,1.50
2015.11.06 12:31:50.184,0.65855,0.65883,1.00,1.50
2015.11.06 12:31:52.425,0.65855,0.65882,1.50,1.00
2015.11.06 12:31:56.223,0.65854,0.65883,1.50,1.00
2015.11.06 12:32:03.554,0.65855,0.65883,1.00,1.00
2015.11.06 12:32:04.642,0.65855,0.65884,1.00,1.00
2015.11.06 12:32:06.544,0.65859,0.65884,1.00,1.00
2015.11.06 12:32:13.364,0.65854,0.65884,1.50,1.00
2015.11.06 12:32:13.475,0.65854,0.65881,1.50,1.00
2015.11.06 12:32:14.085,0.65855,0.65882,1.00,1.00
2015.11.06 12:32:14.466,0.65859,0.65882,1.00,1.00
2015.11.06 12:32:14.996,0.65854,0.65882,1.50,1.00
2015.11.06 12:32:15.985,0.6586,0.65882,1.00,1.00
2015.11.06 12:32:16.335,0.6586,0.65884,1.00,1.00
