2017.10.20 18:00:00.422,0.68554,0.68572,1.00,1.37
2017.10.20 18:00:01.033,0.68553,0.68575,1.12,1.87
2017.10.20 18:00:01.717,0.68553,0.6857,1.12,1.00
2017.10.20 18:00:02.365,0.68553,0.68571,1.12,1.12
2017.10.20 18:00:03.475,0.68554,0.68572,1.00,1.37
2017.10.20 18:00:05.510,0.68554,0.68571,1.00,1.37
2017.10.20 18:00:05.562,0.68556,0.68575,1.00,1.37
2017.10.20 18:00:05.663,0.6856,0.68575,1.00,1.00
2017.10.20 18:00:05.714,0.68562,0.68577,1.00,1.12
2017.10.20 18:00:06.398,0.68563,0.68577,1.00,1.12
2017.10.20 18:00:07.018,0.68562,0.68577,1.00,1.12
2017.10.20 18:00:09.267,0.68562,0.68576,1.00,1.00
2017.10.20 18:00:10.029,0.68562,0.68577,1.00,1.00
2017.10.20 18:00:12.411,0.68562,0.68579,1.00,1.12
2017.10.20 18:00:12.975,0.68562,0.68579,1.37,1.12
2017.10.20 18:00:13.534,0.68563,0.68578,1.12,1.00
2017.10.20 18:00:13.895,0.68563,0.6858,1.12,1.00
2017.10.20 18:00:14.098,0.68566,0.68581,1.00,1.00
2017.10.20 18:00:16.158,0.68569,0.68583,1.00,1.00
2017.10.20 18:00:22.948,0.68568,0.68585,1.00,1.00
2017.10.20 18:00:23.630,0.68569,0.68586,1.00,1.00
2017.10.20 18:00:24.856,0.68571,0.68588,1.00,1.00
2017.10.20 18:00:25.358,0.68572,0.68588,1.00,1.00
2017.10.20 18:00:25.607,0.68571,0.6859,1.87,1.00
2017.10.20 18:00:26.221,0.68571,0.68588,1.00,1.00
2017.10.20 18:00:30.195,0.68572,0.6859,1.00,1.50
2017.10.20 18:00:30.961,0.68572,0.6859,1.00,1.12
2017.10.20 18:00:31.823,0.68574,0.68591,1.00,1.00
2017.10.20 18:00:32.368,0.68573,0.68591,1.00,1.12
2017.10.20 18:00:32.876,0.68573,0.6859,1.00,1.00
2017.10.20 18:00:33.147,0.68573,0.68592,1.50,1.12
2017.10.20 18:00:33.249,0.68575,0.68592,1.00,1.00
2017.10.20 18:00:33.920,0.68574,0.68592,1.00,1.12
2017.10.20 18:00:37.589,0.68574,0.68591,1.00,1.00
2017.10.20 18:00:39.817,0.68574,0.68592,1.00,1.75
2017.10.20 18:00:40.569,0.68574,0.68592,1.00,1.50
2017.10.20 18:00:41.226,0.68573,0.68592,1.50,1.50
2017.10.20 18:00:44.726,0.68572,0.68589,1.50,1.00
2017.10.20 18:00:49.088,0.68573,0.68592,1.50,1.37
2017.10.20 18:00:49.189,0.68573,0.68592,1.50,1.12
2017.10.20 18:00:49.812,0.68573,0.68592,1.50,1.37
2017.10.20 18:00:52.434,0.68573,0.68591,1.00,1.37
2017.10.20 18:01:02.385,0.68573,0.68588,1.00,1.00
2017.10.20 18:01:03.216,0.68572,0.68588,1.00,1.00
2017.10.20 18:01:09.210,0.68572,0.6859,1.00,1.00
2017.10.20 18:01:09.765,0.68572,0.68589,1.00,1.00
2017.10.20 18:01:10.374,0.6857,0.68587,1.00,1.00
2017.10.20 18:01:10.425,0.68571,0.68589,1.00,1.00
2017.10.20 18:01:10.681,0.68573,0.68589,1.00,1.00
2017.10.20 18:01:18.245,0.68572,0.68589,1.00,1.00
2017.10.20 18:01:21.731,0.6857,0.68586,1.00,1.00
2017.10.20 18:01:22.241,0.6857,0.68587,1.00,1.00
2017.10.20 18:01:24.457,0.68571,0.68587,1.00,1.00
2017.10.20 18:01:24.508,0.68569,0.68587,1.00,1.00
2017.10.20 18:01:25.025,0.6857,0.68587,1.00,1.00
2017.10.20 18:01:25.687,0.68569,0.68587,1.00,1.00
2017.10.20 18:01:25.738,0.68571,0.68587,1.00,1.00
2017.10.20 18:01:30.190,0.6857,0.68588,1.00,1.00
2017.10.20 18:01:30.716,0.68569,0.68588,1.00,1.87
2017.10.20 18:01:31.272,0.68571,0.68587,1.00,1.12
2017.10.20 18:01:33.328,0.68569,0.68588,1.00,1.87
2017.10.20 18:01:40.291,0.68569,0.68588,1.00,1.87
2017.10.20 18:01:40.831,0.6857,0.68588,1.00,1.12
2017.10.20 18:01:42.347,0.6857,0.68587,1.00,1.00
2017.10.20 18:01:46.380,0.68571,0.68588,1.00,1.87
2017.10.20 18:01:46.482,0.68569,0.68588,1.12,1.87
2017.10.20 18:01:46.533,0.68571,0.68588,1.00,1.87
2017.10.20 18:01:51.123,0.68571,0.68587,1.00,1.00
2017.10.20 18:01:55.771,0.68569,0.68587,1.12,1.00
2017.10.20 18:01:57.779,0.6857,0.68587,1.00,1.00
2017.10.20 18:02:05.310,0.6857,0.68588,1.50,1.00
2017.10.20 18:02:05.848,0.68572,0.68588,1.00,1.00
2017.10.20 18:02:08.271,0.68574,0.68591,1.00,1.50
2017.10.20 18:02:08.594,0.68573,0.68589,1.00,1.00
2017.10.20 18:02:09.150,0.68573,0.68588,1.00,1.00
2017.10.20 18:02:10.852,0.68572,0.68588,1.00,1.00
2017.10.20 18:02:11.578,0.68571,0.68588,1.12,1.00
2017.10.20 18:02:13.627,0.6857,0.68587,1.37,1.00
2017.10.20 18:02:22.857,0.68573,0.6859,1.00,1.12
2017.10.20 18:02:23.110,0.68573,0.68588,1.00,1.00
2017.10.20 18:02:31.385,0.68573,0.68589,1.00,1.00
2017.10.20 18:02:31.929,0.68573,0.68588,1.00,1.00
2017.10.20 18:02:32.430,0.68573,0.68589,1.00,1.00
2017.10.20 18:02:33.396,0.68572,0.68589,1.12,1.00
2017.10.20 18:02:38.857,0.68573,0.68589,1.00,1.00
2017.10.20 18:02:43.077,0.68573,0.6859,1.00,1.00
2017.10.20 18:02:46.427,0.68572,0.6859,1.00,1.00
2017.10.20 18:02:53.021,0.68575,0.6859,1.00,1.00
2017.10.20 18:02:53.071,0.68573,0.6859,1.00,1.00
2017.10.20 18:02:57.722,0.68573,0.68589,1.00,1.00
2017.10.20 18:03:01.382,0.68572,0.68589,1.00,1.00
2017.10.20 18:03:03.054,0.68572,0.68591,1.12,1.00
2017.10.20 18:03:03.155,0.68572,0.68589,1.12,1.00
2017.10.20 18:03:03.918,0.68573,0.68589,1.00,1.00
2017.10.20 18:03:10.921,0.68572,0.68589,1.00,1.00
2017.10.20 18:03:14.036,0.68573,0.68589,1.00,1.00
2017.10.20 18:03:14.827,0.68572,0.68589,1.00,1.00
2017.10.20 18:03:18.486,0.68573,0.68589,1.00,1.00
2017.10.20 18:03:34.276,0.68573,0.68588,1.00,1.00
2017.10.20 18:03:34.782,0.68572,0.68589,1.00,1.00
2017.10.20 18:03:38.977,0.68573,0.68589,1.00,1.00
2017.10.20 18:03:39.641,0.68573,0.68586,1.00,1.00
2017.10.20 18:03:39.742,0.68571,0.68586,1.00,1.00
2017.10.20 18:03:40.258,0.6857,0.68586,1.00,1.00
2017.10.20 18:03:40.767,0.6857,0.68587,1.00,1.00
2017.10.20 18:03:44.324,0.68566,0.68583,1.00,1.50
2017.10.20 18:03:44.680,0.68563,0.6858,1.00,1.00
2017.10.20 18:03:49.980,0.68563,0.68578,1.00,1.00
2017.10.20 18:04:12.248,0.68562,0.68578,1.00,1.00
2017.10.20 18:04:12.792,0.68561,0.68577,1.50,1.00
2017.10.20 18:04:13.469,0.6856,0.68577,1.12,1.00
2017.10.20 18:04:16.423,0.6856,0.68577,1.50,1.00
2017.10.20 18:04:16.771,0.68563,0.68578,1.00,1.00
2017.10.20 18:04:19.462,0.68562,0.68578,1.00,1.00
2017.10.20 18:04:20.073,0.68561,0.68577,1.12,1.00
2017.10.20 18:04:23.983,0.68561,0.68578,1.12,1.00
2017.10.20 18:04:30.888,0.68565,0.68578,1.00,1.00
2017.10.20 18:04:30.941,0.68565,0.6858,1.00,1.12
2017.10.20 18:04:31.496,0.68565,0.68581,1.00,1.00
2017.10.20 18:04:37.077,0.68566,0.68582,1.00,1.00
2017.10.20 18:04:39.433,0.68564,0.6858,1.12,1.00
2017.10.20 18:04:39.782,0.68564,0.68578,1.00,1.00
2017.10.20 18:04:41.100,0.68562,0.68578,1.12,1.00
2017.10.20 18:04:41.455,0.68562,0.68576,1.00,1.00
2017.10.20 18:04:42.007,0.68562,0.68578,1.00,1.00
2017.10.20 18:04:42.111,0.68564,0.68578,1.00,1.00
2017.10.20 18:04:43.199,0.68563,0.68578,1.00,1.00
2017.10.20 18:04:46.421,0.68564,0.68578,1.00,1.00
2017.10.20 18:04:46.472,0.68564,0.6858,1.00,1.00
2017.10.20 18:04:47.951,0.68564,0.68579,1.00,1.00
2017.10.20 18:04:48.453,0.68564,0.6858,1.00,1.12
2017.10.20 18:04:49.113,0.68563,0.6858,1.00,1.12
2017.10.20 18:04:50.819,0.68562,0.6858,1.00,1.00
2017.10.20 18:04:51.493,0.68564,0.6858,1.00,1.00
2017.10.20 18:04:52.936,0.68566,0.68581,1.00,1.00
2017.10.20 18:04:53.139,0.68567,0.68583,1.00,1.00
2017.10.20 18:04:53.190,0.68567,0.68581,1.00,1.00
2017.10.20 18:04:53.731,0.68566,0.68581,1.00,1.00
2017.10.20 18:04:55.068,0.68566,0.68579,1.00,1.00
2017.10.20 18:04:55.707,0.68564,0.68579,1.00,1.00
2017.10.20 18:04:57.421,0.68562,0.68579,1.12,1.00
2017.10.20 18:04:58.117,0.68563,0.68579,1.00,1.00
2017.10.20 18:04:58.777,0.68562,0.68579,1.12,1.00
2017.10.20 18:05:01.607,0.68562,0.68578,1.12,1.00
2017.10.20 18:05:03.138,0.68562,0.68577,1.12,1.00
2017.10.20 18:05:06.531,0.68561,0.68577,1.00,1.00
2017.10.20 18:05:16.550,0.6856,0.68577,1.00,1.00
2017.10.20 18:05:17.059,0.68561,0.68577,1.00,1.00
2017.10.20 18:05:20.391,0.68563,0.68577,1.00,1.00
2017.10.20 18:05:21.925,0.68563,0.68578,1.00,1.00
2017.10.20 18:05:24.642,0.68557,0.68577,1.37,1.12
2017.10.20 18:05:24.693,0.68556,0.68573,1.00,1.00
2017.10.20 18:05:25.195,0.68556,0.68572,1.00,1.00
2017.10.20 18:05:25.500,0.68559,0.68573,1.00,1.00
2017.10.20 18:05:26.007,0.68559,0.68575,1.00,1.00
2017.10.20 18:05:26.437,0.68558,0.68573,1.00,1.00
2017.10.20 18:05:26.953,0.68558,0.68574,1.00,1.00
2017.10.20 18:05:27.773,0.68557,0.68574,1.12,1.00
2017.10.20 18:05:28.276,0.68558,0.68573,1.00,1.00
2017.10.20 18:05:28.937,0.68557,0.68572,1.00,1.00
2017.10.20 18:05:30.983,0.68558,0.68574,1.00,1.00
2017.10.20 18:05:31.681,0.68561,0.68577,1.00,1.12
2017.10.20 18:05:31.985,0.68571,0.68587,1.00,1.00
2017.10.20 18:05:32.517,0.68572,0.68588,1.00,1.00
2017.10.20 18:05:33.197,0.68572,0.68589,1.00,1.00
2017.10.20 18:05:33.609,0.68575,0.68589,1.00,1.00
2017.10.20 18:05:33.710,0.68573,0.68588,1.00,1.00
2017.10.20 18:05:33.812,0.68572,0.68586,1.00,1.00
2017.10.20 18:05:34.133,0.6857,0.68584,1.00,1.00
2017.10.20 18:05:34.460,0.68572,0.68584,1.00,1.00
2017.10.20 18:05:34.730,0.68568,0.68583,1.00,1.00
2017.10.20 18:05:34.781,0.68565,0.68583,1.37,1.00
2017.10.20 18:05:34.926,0.68565,0.6858,1.00,1.00
2017.10.20 18:05:35.429,0.68565,0.68581,1.00,1.00
2017.10.20 18:05:35.957,0.68565,0.68582,1.00,1.00
2017.10.20 18:05:36.308,0.68563,0.68579,1.00,1.00
2017.10.20 18:05:36.408,0.68563,0.68581,1.00,1.00
2017.10.20 18:05:36.459,0.68568,0.68583,1.00,1.50
2017.10.20 18:05:36.713,0.68568,0.68584,1.00,1.12
2017.10.20 18:05:37.909,0.68568,0.68585,1.00,1.00
2017.10.20 18:05:38.061,0.68566,0.68585,1.12,1.50
2017.10.20 18:05:38.214,0.68567,0.68583,1.00,1.00
2017.10.20 18:05:38.814,0.68567,0.68585,1.00,2.25
2017.10.20 18:05:39.496,0.68567,0.68583,1.00,1.00
2017.10.20 18:05:40.060,0.68566,0.68583,1.00,1.00
2017.10.20 18:05:40.162,0.68563,0.68581,1.00,1.00
2017.10.20 18:05:40.314,0.68565,0.68581,1.00,1.12
2017.10.20 18:05:40.931,0.68565,0.68582,1.00,1.50
2017.10.20 18:05:42.028,0.68566,0.68583,1.00,1.00
2017.10.20 18:05:42.563,0.68568,0.68584,1.00,1.12
2017.10.20 18:05:42.614,0.68565,0.68583,1.00,1.00
2017.10.20 18:05:43.165,0.68566,0.68582,1.00,1.00
2017.10.20 18:05:43.216,0.68568,0.68584,1.00,1.12
2017.10.20 18:05:43.582,0.68566,0.68584,1.12,1.50
2017.10.20 18:05:44.136,0.68567,0.68583,1.00,1.00
2017.10.20 18:05:44.942,0.68567,0.68584,1.50,1.12
2017.10.20 18:05:45.242,0.68567,0.68584,1.00,1.50
2017.10.20 18:05:45.398,0.68569,0.68587,1.00,1.50
2017.10.20 18:05:45.923,0.68566,0.68586,1.87,1.00
2017.10.20 18:05:46.469,0.68566,0.68585,1.00,1.00
2017.10.20 18:05:47.159,0.68568,0.68586,1.00,1.00
2017.10.20 18:05:47.768,0.68569,0.68586,1.00,1.00
2017.10.20 18:05:47.949,0.68567,0.68585,1.00,1.00
2017.10.20 18:05:48.002,0.68566,0.68584,1.12,1.37
2017.10.20 18:05:48.377,0.68566,0.68585,1.00,1.00
2017.10.20 18:05:48.428,0.68568,0.68587,1.00,2.25
2017.10.20 18:05:48.952,0.68567,0.68586,1.00,1.12
2017.10.20 18:05:50.588,0.68566,0.68585,1.12,1.00
2017.10.20 18:05:50.905,0.68569,0.68587,1.00,1.12
2017.10.20 18:05:51.161,0.68567,0.68586,1.12,1.37
2017.10.20 18:05:51.364,0.68569,0.68586,1.00,1.00
2017.10.20 18:05:51.597,0.68569,0.68588,1.50,1.12
2017.10.20 18:05:52.211,0.68573,0.6859,1.00,1.50
2017.10.20 18:05:52.452,0.68576,0.68594,1.00,1.50
2017.10.20 18:05:53.615,0.68577,0.68594,1.00,1.50
2017.10.20 18:05:54.144,0.68577,0.68595,1.00,1.50
2017.10.20 18:05:54.247,0.68575,0.68594,1.87,1.00
2017.10.20 18:05:54.696,0.68577,0.68594,1.00,1.12
2017.10.20 18:05:55.270,0.68577,0.68596,1.00,1.50
2017.10.20 18:05:56.349,0.68579,0.68596,1.00,1.50
2017.10.20 18:05:58.397,0.68577,0.68593,1.00,1.00
2017.10.20 18:05:58.650,0.68567,0.68586,1.37,2.25
2017.10.20 18:05:58.752,0.68566,0.68583,1.37,1.00
2017.10.20 18:05:59.293,0.68564,0.68582,1.37,1.00
2017.10.20 18:06:00.059,0.68565,0.68581,1.00,1.00
2017.10.20 18:06:00.258,0.68564,0.68579,1.37,1.12
2017.10.20 18:06:00.783,0.68564,0.6858,1.00,1.37
2017.10.20 18:06:02.223,0.68563,0.68579,1.12,1.00
2017.10.20 18:06:02.775,0.68562,0.68577,1.37,1.00
2017.10.20 18:06:03.213,0.68561,0.68576,1.00,1.00
2017.10.20 18:06:03.878,0.68562,0.68577,1.12,1.00
2017.10.20 18:06:04.443,0.68564,0.68578,1.00,1.00
2017.10.20 18:06:04.758,0.68561,0.68576,1.37,1.00
2017.10.20 18:06:04.809,0.68561,0.68576,1.00,1.00
2017.10.20 18:06:04.861,0.68563,0.68576,1.00,1.00
2017.10.20 18:06:05.013,0.68563,0.68578,1.00,1.00
2017.10.20 18:06:05.574,0.68562,0.68578,1.12,1.00
2017.10.20 18:06:06.061,0.68565,0.68578,1.00,1.00
2017.10.20 18:06:07.246,0.68563,0.68577,1.37,1.00
2017.10.20 18:06:07.607,0.68563,0.68576,1.00,1.00
2017.10.20 18:06:08.135,0.6856,0.68575,1.37,1.00
2017.10.20 18:06:08.684,0.68559,0.68575,1.00,1.12
2017.10.20 18:06:08.836,0.68559,0.68573,1.00,1.00
2017.10.20 18:06:09.386,0.68558,0.68573,1.12,1.00
2017.10.20 18:06:09.712,0.68559,0.68575,1.37,1.00
2017.10.20 18:06:10.225,0.68558,0.68573,1.12,1.00
2017.10.20 18:06:10.328,0.6856,0.68573,1.00,1.00
2017.10.20 18:06:10.593,0.68556,0.68574,1.50,1.00
2017.10.20 18:06:10.796,0.68556,0.68573,1.12,1.00
2017.10.20 18:06:15.265,0.68556,0.68575,1.00,1.50
2017.10.20 18:06:15.863,0.68555,0.68574,1.00,1.00
2017.10.20 18:06:17.152,0.68555,0.68573,1.00,1.12
2017.10.20 18:06:18.612,0.68553,0.68573,1.00,1.50
2017.10.20 18:06:18.663,0.68555,0.68575,1.00,1.75
2017.10.20 18:06:18.930,0.6856,0.68579,1.00,1.12
2017.10.20 18:06:19.693,0.68561,0.68579,1.00,1.12
2017.10.20 18:06:20.555,0.68561,0.68578,1.00,1.00
2017.10.20 18:06:21.367,0.6856,0.68577,1.00,1.00
2017.10.20 18:06:22.025,0.68559,0.68578,1.12,1.00
2017.10.20 18:06:22.167,0.68561,0.68579,1.00,1.50
2017.10.20 18:06:22.481,0.68558,0.68576,1.12,1.00
2017.10.20 18:06:23.006,0.68557,0.68575,1.37,1.00
2017.10.20 18:06:23.355,0.68555,0.68573,1.37,1.00
2017.10.20 18:06:23.507,0.68559,0.68577,1.12,1.12
2017.10.20 18:06:23.609,0.68559,0.68575,1.12,1.00
2017.10.20 18:06:24.080,0.68557,0.68577,1.87,1.00
2017.10.20 18:06:24.643,0.68557,0.68578,1.87,1.12
2017.10.20 18:06:25.337,0.68558,0.68579,2.25,1.00
2017.10.20 18:06:25.674,0.68561,0.6858,1.00,1.87
2017.10.20 18:06:26.018,0.6856,0.68578,1.00,1.00
2017.10.20 18:06:26.250,0.68557,0.68578,2.25,1.00
2017.10.20 18:06:26.841,0.68557,0.68577,1.50,1.00
2017.10.20 18:06:27.184,0.68556,0.68575,3.00,1.00
2017.10.20 18:06:27.490,0.6856,0.68581,1.00,1.50
2017.10.20 18:06:27.541,0.6856,0.68581,1.12,1.12
2017.10.20 18:06:28.032,0.6856,0.68579,1.12,1.00
2017.10.20 18:06:28.911,0.68559,0.68577,1.00,1.00
2017.10.20 18:06:29.418,0.68558,0.68577,1.00,1.12
2017.10.20 18:06:30.088,0.68558,0.68575,1.00,1.00
2017.10.20 18:06:30.139,0.68558,0.68578,1.00,1.50
2017.10.20 18:06:32.675,0.68558,0.68575,1.00,1.00
2017.10.20 18:06:32.827,0.68557,0.68577,1.00,1.12
2017.10.20 18:06:33.258,0.68559,0.68577,1.37,1.00
2017.10.20 18:06:33.845,0.68559,0.68578,1.37,1.12
2017.10.20 18:06:34.581,0.68559,0.68577,1.37,1.00
2017.10.20 18:06:34.633,0.68556,0.68575,1.37,1.00
2017.10.20 18:06:34.684,0.68555,0.68573,2.25,1.00
2017.10.20 18:06:34.735,0.68554,0.68573,1.12,1.00
2017.10.20 18:06:35.678,0.68553,0.68572,1.37,1.00
2017.10.20 18:06:36.314,0.68558,0.68574,1.00,1.00
2017.10.20 18:06:36.416,0.68559,0.68579,1.00,1.75
2017.10.20 18:06:36.467,0.68559,0.68578,1.87,1.37
2017.10.20 18:06:36.916,0.68559,0.68579,1.37,1.12
2017.10.20 18:06:43.438,0.68562,0.68582,1.00,1.75
2017.10.20 18:06:43.969,0.68562,0.68582,1.12,1.87
2017.10.20 18:06:44.722,0.68559,0.68579,1.37,1.12
2017.10.20 18:06:44.773,0.6856,0.68579,1.00,1.12
2017.10.20 18:06:45.300,0.68561,0.6858,1.00,1.12
2017.10.20 18:06:48.839,0.68561,0.68579,1.00,1.00
2017.10.20 18:06:49.435,0.68561,0.68581,1.00,1.37
2017.10.20 18:06:53.285,0.68562,0.68581,1.00,1.37
2017.10.20 18:06:54.060,0.68561,0.68581,1.00,1.37
2017.10.20 18:06:54.111,0.68563,0.68581,1.00,1.37
2017.10.20 18:06:54.640,0.68563,0.68581,1.00,1.12
2017.10.20 18:06:54.691,0.68561,0.68581,1.00,1.12
2017.10.20 18:06:55.428,0.68563,0.68581,1.00,1.12
2017.10.20 18:06:55.814,0.68561,0.6858,1.00,1.00
2017.10.20 18:06:56.366,0.68561,0.68581,1.00,1.12
2017.10.20 18:06:56.752,0.68561,0.68579,1.00,1.00
2017.10.20 18:07:02.937,0.6856,0.6858,1.00,1.50
2017.10.20 18:07:03.631,0.6856,0.6858,1.00,1.50
2017.10.20 18:07:04.260,0.6856,0.68579,1.50,1.00
2017.10.20 18:07:04.773,0.68561,0.68578,1.00,1.00
2017.10.20 18:07:06.828,0.68562,0.68578,1.00,1.00
2017.10.20 18:07:07.366,0.68561,0.68578,1.00,1.00
2017.10.20 18:07:10.948,0.68562,0.68578,1.00,1.00
2017.10.20 18:07:11.395,0.68562,0.6858,1.00,1.12
2017.10.20 18:07:12.536,0.68561,0.6858,1.12,1.12
2017.10.20 18:07:12.921,0.68563,0.6858,1.00,1.12
2017.10.20 18:07:13.448,0.68562,0.6858,1.00,1.00
2017.10.20 18:07:13.753,0.68562,0.68582,1.50,1.00
2017.10.20 18:07:14.298,0.68563,0.68582,1.00,1.00
2017.10.20 18:07:15.231,0.68564,0.68584,1.00,1.87
2017.10.20 18:07:15.771,0.68564,0.68583,1.00,1.00
2017.10.20 18:07:15.822,0.68563,0.68584,1.12,1.87
2017.10.20 18:07:17.211,0.68562,0.68581,1.00,1.50
2017.10.20 18:07:17.512,0.68561,0.6858,1.12,1.50
2017.10.20 18:07:18.259,0.68562,0.6858,1.00,1.37
2017.10.20 18:07:19.364,0.68561,0.6858,1.12,1.37
2017.10.20 18:07:19.466,0.68562,0.68583,1.00,1.87
2017.10.20 18:07:20.238,0.68563,0.68582,1.00,1.12
2017.10.20 18:07:22.585,0.68564,0.68585,1.87,1.50
2017.10.20 18:07:23.064,0.68567,0.68586,1.00,1.37
2017.10.20 18:07:23.809,0.68568,0.68586,1.00,1.37
2017.10.20 18:07:25.624,0.68568,0.68584,1.00,1.00
2017.10.20 18:07:25.726,0.68566,0.68584,1.00,1.00
2017.10.20 18:07:28.531,0.68566,0.68583,1.00,1.00
2017.10.20 18:07:29.060,0.68565,0.68582,1.00,1.00
2017.10.20 18:07:29.668,0.68564,0.68582,1.00,1.00
2017.10.20 18:07:30.958,0.68564,0.68584,1.00,1.50
2017.10.20 18:07:31.577,0.68564,0.68582,1.00,1.00
2017.10.20 18:07:31.788,0.68562,0.68582,1.12,1.12
2017.10.20 18:07:33.633,0.6856,0.68578,1.37,1.00
2017.10.20 18:07:33.786,0.68555,0.68574,1.87,1.00
2017.10.20 18:07:40.833,0.68555,0.68573,1.12,1.37
2017.10.20 18:07:40.886,0.68553,0.68572,1.12,1.12
2017.10.20 18:07:42.944,0.68552,0.68571,1.50,1.00
2017.10.20 18:07:43.468,0.68552,0.68571,1.00,1.00
2017.10.20 18:07:44.017,0.68552,0.68572,1.00,1.50
2017.10.20 18:07:44.118,0.68552,0.68569,1.00,1.00
2017.10.20 18:07:44.270,0.68545,0.68564,1.12,1.12
2017.10.20 18:07:44.941,0.68546,0.68564,1.00,1.87
2017.10.20 18:07:46.435,0.68546,0.68566,1.00,1.50
2017.10.20 18:07:50.822,0.68546,0.68564,1.00,1.00
2017.10.20 18:07:50.974,0.68548,0.68567,1.00,1.37
2017.10.20 18:07:51.404,0.68546,0.68565,1.00,1.50
2017.10.20 18:07:51.858,0.68543,0.68564,1.00,1.50
2017.10.20 18:07:51.960,0.68535,0.68556,1.87,1.00
2017.10.20 18:07:52.011,0.68535,0.68556,1.50,1.50
2017.10.20 18:07:52.112,0.68535,0.68554,1.00,1.12
2017.10.20 18:07:52.413,0.68537,0.68554,1.00,1.12
2017.10.20 18:07:52.939,0.68538,0.68558,1.00,3.00
2017.10.20 18:07:52.991,0.68538,0.68557,1.00,1.00
2017.10.20 18:07:53.205,0.6854,0.68557,1.00,1.50
2017.10.20 18:07:54.139,0.68539,0.68558,1.00,1.75
2017.10.20 18:07:54.559,0.68539,0.68556,1.00,1.37
2017.10.20 18:07:54.812,0.68537,0.68558,1.50,1.75
2017.10.20 18:07:55.015,0.68539,0.68558,1.00,1.75
2017.10.20 18:07:55.584,0.68539,0.68556,1.00,1.00
2017.10.20 18:07:56.502,0.6854,0.68556,1.00,1.00
2017.10.20 18:07:57.160,0.68541,0.68558,1.00,1.75
2017.10.20 18:07:59.084,0.6854,0.68558,1.00,1.37
2017.10.20 18:07:59.135,0.68538,0.68556,1.00,1.37
2017.10.20 18:07:59.697,0.68537,0.68555,1.00,1.00
2017.10.20 18:08:01.271,0.68536,0.68555,1.50,1.12
2017.10.20 18:08:01.746,0.68536,0.68553,1.00,1.00
2017.10.20 18:08:02.255,0.68536,0.68553,1.00,1.37
2017.10.20 18:08:02.675,0.68534,0.68552,1.00,1.12
2017.10.20 18:08:07.181,0.68533,0.68552,1.00,1.50
2017.10.20 18:08:07.724,0.68532,0.6855,1.00,1.00
2017.10.20 18:08:09.556,0.68534,0.6855,1.00,1.12
2017.10.20 18:08:11.300,0.68534,0.68553,1.00,1.87
2017.10.20 18:08:11.830,0.68534,0.68553,1.00,1.87
2017.10.20 18:08:13.809,0.68534,0.68553,1.00,1.50
2017.10.20 18:08:14.426,0.68535,0.68554,1.00,1.50
2017.10.20 18:08:14.958,0.68534,0.68552,1.00,1.37
2017.10.20 18:08:15.812,0.68535,0.68551,1.00,1.00
2017.10.20 18:08:17.456,0.68532,0.68551,1.00,1.12
2017.10.20 18:08:17.507,0.68534,0.68551,1.00,1.12
2017.10.20 18:08:18.029,0.68533,0.6855,1.00,1.12
2017.10.20 18:08:18.525,0.68534,0.68552,1.00,1.00
2017.10.20 18:08:18.678,0.68533,0.6855,1.00,1.00
2017.10.20 18:08:20.115,0.68533,0.68552,1.00,1.50
2017.10.20 18:08:20.632,0.68534,0.68551,1.00,1.00
2017.10.20 18:08:21.260,0.68534,0.68552,1.00,1.50
2017.10.20 18:08:21.880,0.68535,0.68553,1.00,1.50
2017.10.20 18:08:22.235,0.68533,0.68552,1.00,1.50
2017.10.20 18:08:22.287,0.68535,0.68552,1.00,1.00
2017.10.20 18:08:22.849,0.68534,0.68552,1.00,1.00
2017.10.20 18:08:23.355,0.68533,0.68551,1.00,1.12
2017.10.20 18:08:23.860,0.68534,0.68551,1.00,1.87
2017.10.20 18:08:24.410,0.68534,0.68552,1.00,1.50
2017.10.20 18:08:25.563,0.68536,0.68552,1.00,1.50
2017.10.20 18:08:26.068,0.68535,0.68552,1.00,2.25
2017.10.20 18:08:26.119,0.68533,0.68551,1.00,1.12
2017.10.20 18:08:26.455,0.68535,0.68552,1.00,1.87
2017.10.20 18:08:27.060,0.68534,0.68551,1.00,1.12
2017.10.20 18:08:28.195,0.68535,0.68552,1.00,1.87
2017.10.20 18:08:28.765,0.68534,0.68551,1.00,1.12
2017.10.20 18:08:29.374,0.68534,0.68553,1.12,1.37
2017.10.20 18:08:29.878,0.68535,0.68552,1.00,1.00
2017.10.20 18:08:30.641,0.68536,0.68553,1.00,1.37
2017.10.20 18:08:30.953,0.68538,0.68554,1.00,1.37
2017.10.20 18:08:31.458,0.68538,0.68554,1.00,1.00
2017.10.20 18:08:31.610,0.68536,0.68554,1.00,1.00
2017.10.20 18:08:31.814,0.68535,0.68554,1.00,2.25
2017.10.20 18:08:32.359,0.68536,0.68552,1.00,1.12
2017.10.20 18:08:32.881,0.68535,0.68552,1.00,1.12
2017.10.20 18:08:34.109,0.68536,0.68553,1.00,2.25
2017.10.20 18:08:34.866,0.68536,0.68553,1.00,1.87
2017.10.20 18:08:35.501,0.68537,0.68554,1.00,1.00
2017.10.20 18:08:36.135,0.68537,0.68555,1.00,1.50
2017.10.20 18:08:37.320,0.68539,0.68557,1.00,1.87
2017.10.20 18:08:37.372,0.68539,0.68557,1.00,1.87
2017.10.20 18:08:37.474,0.68537,0.68556,1.00,1.00
2017.10.20 18:08:37.525,0.68537,0.68553,1.00,1.00
2017.10.20 18:08:37.943,0.68535,0.68554,1.00,1.37
2017.10.20 18:08:38.584,0.68535,0.68554,1.00,1.12
2017.10.20 18:08:39.185,0.68535,0.68553,1.00,1.00
2017.10.20 18:08:39.578,0.68539,0.68554,1.00,1.00
2017.10.20 18:08:40.103,0.68537,0.68554,1.00,1.00
2017.10.20 18:08:40.604,0.68538,0.68554,1.00,1.00
2017.10.20 18:08:40.963,0.68538,0.68556,1.00,1.00
2017.10.20 18:08:41.090,0.6854,0.68556,1.00,1.00
2017.10.20 18:08:43.493,0.68542,0.68556,1.00,1.00
2017.10.20 18:08:43.595,0.68544,0.68559,1.00,1.00
2017.10.20 18:08:43.697,0.68543,0.68561,1.00,1.00
2017.10.20 18:08:44.342,0.68543,0.68561,1.00,1.50
2017.10.20 18:08:46.815,0.68543,0.68561,1.00,1.12
2017.10.20 18:08:47.793,0.68543,0.68561,1.00,1.50
2017.10.20 18:08:48.317,0.68543,0.68561,1.00,1.12
2017.10.20 18:08:49.877,0.68546,0.68563,1.00,1.37
2017.10.20 18:08:50.029,0.68548,0.68564,1.00,1.12
2017.10.20 18:08:50.232,0.68551,0.68565,1.00,1.12
2017.10.20 18:08:50.283,0.68545,0.68564,1.50,1.00
2017.10.20 18:08:50.689,0.68548,0.68566,1.00,1.00
2017.10.20 18:08:51.340,0.68549,0.68566,1.00,1.00
2017.10.20 18:08:52.546,0.68549,0.68567,1.00,1.00
2017.10.20 18:08:55.302,0.68551,0.68567,1.00,1.00
2017.10.20 18:08:56.405,0.68551,0.68569,1.00,1.12
2017.10.20 18:08:57.038,0.68552,0.68569,1.00,1.12
2017.10.20 18:08:58.905,0.68552,0.68571,1.00,1.50
2017.10.20 18:08:59.445,0.68551,0.6857,1.00,1.37
2017.10.20 18:09:00.802,0.68552,0.68568,1.00,1.12
2017.10.20 18:09:01.006,0.68551,0.68568,1.00,1.50
2017.10.20 18:09:02.434,0.6855,0.68568,1.00,1.37
2017.10.20 18:09:03.898,0.68551,0.68569,1.00,1.37
2017.10.20 18:09:03.948,0.68551,0.68572,1.50,1.87
2017.10.20 18:09:03.999,0.68547,0.68568,1.50,1.00
2017.10.20 18:09:04.050,0.68546,0.68567,2.25,1.00
2017.10.20 18:09:04.101,0.68547,0.68567,1.00,1.37
2017.10.20 18:09:04.636,0.68546,0.68567,1.50,1.50
2017.10.20 18:09:06.222,0.68547,0.68565,1.00,1.37
2017.10.20 18:09:07.024,0.68547,0.68565,1.00,1.12
2017.10.20 18:09:07.360,0.6855,0.68568,1.00,1.12
2017.10.20 18:09:07.677,0.6855,0.68568,1.00,1.37
2017.10.20 18:09:08.135,0.6855,0.68568,1.00,1.12
2017.10.20 18:09:08.371,0.68552,0.6857,1.00,1.37
2017.10.20 18:09:08.827,0.68554,0.68571,1.00,1.87
2017.10.20 18:09:08.929,0.68552,0.68571,1.50,1.87
2017.10.20 18:09:09.759,0.68553,0.6857,1.00,1.37
2017.10.20 18:09:10.526,0.68553,0.68571,1.00,1.50
2017.10.20 18:09:11.182,0.68554,0.6857,1.00,1.12
2017.10.20 18:09:11.634,0.68552,0.68571,1.00,1.50
2017.10.20 18:09:12.273,0.68554,0.6857,1.00,1.12
2017.10.20 18:09:13.345,0.68553,0.68571,1.00,1.00
2017.10.20 18:09:13.735,0.68552,0.68571,1.50,1.50
2017.10.20 18:09:17.406,0.68553,0.68571,1.00,1.75
2017.10.20 18:09:20.753,0.68553,0.68571,1.00,1.75
2017.10.20 18:09:23.563,0.68557,0.68576,1.00,1.75
2017.10.20 18:09:23.899,0.68556,0.68575,1.00,1.75
2017.10.20 18:09:26.525,0.68556,0.68575,1.50,1.75
2017.10.20 18:09:27.142,0.68557,0.68575,1.00,1.75
2017.10.20 18:09:28.515,0.68556,0.68575,1.50,1.75
2017.10.20 18:09:29.037,0.68557,0.68573,1.00,1.50
2017.10.20 18:09:29.487,0.68559,0.68575,1.00,1.50
2017.10.20 18:09:30.392,0.68556,0.68574,1.50,1.12
2017.10.20 18:09:30.645,0.68556,0.68574,1.00,1.75
2017.10.20 18:09:32.539,0.68556,0.68573,1.00,1.00
2017.10.20 18:09:33.065,0.68557,0.68574,1.00,1.00
2017.10.20 18:09:33.630,0.68557,0.68575,1.00,1.50
2017.10.20 18:09:34.184,0.68557,0.68574,1.00,1.00
2017.10.20 18:09:34.812,0.68557,0.68575,1.00,1.75
2017.10.20 18:09:35.495,0.68558,0.68575,1.00,1.75
2017.10.20 18:09:36.116,0.68557,0.68574,1.00,1.37
2017.10.20 18:09:39.736,0.68556,0.68574,1.00,1.37
2017.10.20 18:09:40.441,0.68557,0.68574,1.00,1.87
2017.10.20 18:09:41.068,0.68556,0.68573,1.00,1.00
2017.10.20 18:09:41.432,0.68553,0.68568,1.00,1.00
2017.10.20 18:09:41.609,0.68551,0.68568,1.50,1.00
2017.10.20 18:09:42.153,0.68551,0.68568,1.00,1.37
2017.10.20 18:09:42.305,0.68549,0.68568,1.00,1.50
2017.10.20 18:09:43.090,0.68549,0.68567,1.50,1.37
2017.10.20 18:09:44.955,0.68549,0.68567,1.50,1.00
2017.10.20 18:09:45.208,0.68549,0.68568,1.50,1.75
2017.10.20 18:09:45.546,0.68546,0.68565,1.50,1.37
2017.10.20 18:09:46.154,0.68547,0.68565,1.00,1.00
2017.10.20 18:09:46.863,0.68547,0.68565,1.50,1.87
2017.10.20 18:09:46.968,0.68547,0.68565,1.50,1.87
2017.10.20 18:09:49.809,0.68547,0.68564,1.00,1.00
2017.10.20 18:09:50.825,0.68548,0.68565,1.00,1.12
2017.10.20 18:09:51.185,0.68546,0.68565,1.87,1.12
2017.10.20 18:09:51.788,0.68547,0.68566,1.00,1.50
2017.10.20 18:09:52.323,0.68547,0.68566,1.00,1.12
2017.10.20 18:09:53.810,0.68547,0.68564,1.00,1.00
2017.10.20 18:09:54.461,0.68548,0.68565,1.00,1.00
2017.10.20 18:09:54.691,0.68548,0.68567,1.50,1.50
2017.10.20 18:09:56.724,0.68549,0.68567,1.00,1.50
2017.10.20 18:09:57.255,0.68549,0.68566,1.50,1.00
2017.10.20 18:09:58.121,0.68549,0.68568,1.50,1.12
2017.10.20 18:09:58.172,0.68549,0.68566,1.87,1.00
2017.10.20 18:09:58.915,0.68548,0.68566,1.00,1.12
2017.10.20 18:09:59.219,0.68546,0.68562,1.00,1.00
2017.10.20 18:09:59.270,0.68543,0.68562,2.25,1.00
2017.10.20 18:09:59.814,0.68543,0.68561,1.50,1.00
2017.10.20 18:10:00.395,0.68542,0.68561,1.50,1.00
2017.10.20 18:10:00.446,0.68544,0.68561,1.00,1.00
2017.10.20 18:10:01.256,0.68544,0.68562,1.00,1.12
2017.10.20 18:10:01.614,0.68546,0.68563,1.00,1.37
2017.10.20 18:10:03.238,0.68547,0.68563,1.00,1.37
2017.10.20 18:10:03.342,0.68544,0.68563,1.00,1.37
2017.10.20 18:10:04.043,0.68545,0.68561,1.00,1.00
2017.10.20 18:10:05.151,0.68545,0.68563,1.12,1.37
2017.10.20 18:10:05.656,0.68546,0.68563,1.00,1.37
2017.10.20 18:10:06.164,0.68546,0.68563,1.00,1.00
2017.10.20 18:10:06.367,0.68546,0.68563,1.00,1.37
2017.10.20 18:10:07.265,0.68546,0.68563,1.00,1.00
2017.10.20 18:10:07.333,0.68544,0.68563,1.00,1.00
2017.10.20 18:10:08.321,0.68544,0.68562,1.00,1.00
2017.10.20 18:10:08.730,0.68546,0.68563,1.00,1.00
2017.10.20 18:10:09.463,0.68545,0.68562,1.00,1.00
2017.10.20 18:10:11.814,0.68545,0.68564,1.00,1.00
2017.10.20 18:10:12.713,0.68546,0.68564,1.00,1.00
2017.10.20 18:10:13.477,0.68547,0.68564,1.00,1.00
2017.10.20 18:10:14.405,0.68546,0.68564,1.00,1.00
2017.10.20 18:10:15.010,0.68548,0.68566,1.00,1.50
2017.10.20 18:10:15.519,0.68548,0.68566,1.00,1.50
2017.10.20 18:10:16.051,0.68548,0.68567,1.50,1.12
2017.10.20 18:10:16.840,0.68548,0.68567,1.87,1.12
2017.10.20 18:10:18.808,0.6855,0.68569,1.00,1.50
2017.10.20 18:10:19.330,0.68551,0.68569,1.00,1.50
2017.10.20 18:10:20.376,0.6855,0.68568,1.50,1.37
2017.10.20 18:10:23.530,0.68552,0.68568,1.00,1.50
2017.10.20 18:10:24.086,0.68551,0.68568,1.00,1.50
2017.10.20 18:10:25.892,0.6855,0.68569,1.00,1.75
2017.10.20 18:10:27.137,0.68551,0.68569,1.00,1.75
2017.10.20 18:10:28.966,0.68549,0.68568,1.00,1.50
2017.10.20 18:10:29.535,0.6855,0.68567,1.00,1.12
2017.10.20 18:10:31.039,0.68549,0.68568,1.00,1.50
2017.10.20 18:10:32.356,0.6855,0.68568,1.00,1.50
2017.10.20 18:10:34.931,0.6855,0.68568,1.00,1.12
2017.10.20 18:10:41.736,0.6855,0.68568,1.00,1.37
2017.10.20 18:10:46.467,0.6855,0.68568,1.00,1.37
2017.10.20 18:10:49.182,0.68549,0.68568,1.00,1.37
2017.10.20 18:10:51.250,0.68553,0.68573,1.00,1.75
2017.10.20 18:10:51.504,0.68552,0.68572,1.00,1.50
2017.10.20 18:10:59.295,0.68552,0.68572,1.00,1.50
2017.10.20 18:11:03.835,0.68553,0.68572,1.00,1.50
2017.10.20 18:11:03.886,0.68555,0.68572,1.00,1.00
2017.10.20 18:11:04.446,0.68554,0.68573,1.00,1.37
2017.10.20 18:11:05.561,0.68553,0.68571,1.12,1.12
2017.10.20 18:11:05.863,0.68552,0.68571,1.00,1.37
2017.10.20 18:11:09.452,0.68551,0.6857,1.12,1.37
2017.10.20 18:11:10.421,0.68551,0.6857,1.12,1.37
2017.10.20 18:11:13.028,0.68551,0.68571,1.00,1.75
2017.10.20 18:11:13.593,0.68552,0.68571,1.00,1.37
2017.10.20 18:11:15.213,0.68552,0.68569,1.00,1.37
2017.10.20 18:11:15.549,0.68559,0.68576,1.00,1.75
2017.10.20 18:11:15.601,0.68558,0.68577,1.00,1.00
2017.10.20 18:11:15.804,0.6856,0.68578,1.12,1.87
2017.10.20 18:11:16.108,0.68557,0.68573,1.00,1.00
2017.10.20 18:11:16.210,0.68555,0.68574,1.00,1.87
2017.10.20 18:11:16.307,0.68555,0.68574,1.37,1.87
2017.10.20 18:11:16.409,0.68561,0.6858,1.00,2.62
2017.10.20 18:11:16.957,0.68562,0.68579,1.00,1.00
2017.10.20 18:11:17.061,0.6856,0.68578,1.00,1.00
2017.10.20 18:11:17.113,0.68563,0.68579,1.00,1.12
2017.10.20 18:11:17.418,0.68565,0.68583,1.00,1.00
2017.10.20 18:11:17.605,0.68565,0.68581,1.00,1.00
2017.10.20 18:11:17.835,0.68564,0.68583,1.00,1.87
2017.10.20 18:11:17.988,0.68566,0.68585,1.00,1.50
2017.10.20 18:11:18.140,0.68566,0.68586,1.50,1.12
2017.10.20 18:11:18.192,0.68568,0.68588,1.00,1.12
2017.10.20 18:11:18.320,0.68569,0.68589,1.00,1.37
2017.10.20 18:11:18.380,0.68572,0.68592,1.00,1.87
2017.10.20 18:11:18.433,0.68573,0.68594,1.00,3.00
2017.10.20 18:11:18.484,0.6857,0.68592,2.25,1.50
2017.10.20 18:11:18.537,0.68572,0.68591,1.00,2.62
2017.10.20 18:11:18.740,0.68569,0.6859,1.00,1.87
2017.10.20 18:11:18.889,0.68571,0.68591,1.00,3.37
2017.10.20 18:11:18.940,0.68571,0.68591,1.00,1.87
2017.10.20 18:11:18.992,0.68574,0.68591,1.00,1.00
2017.10.20 18:11:19.094,0.68568,0.68588,2.25,1.00
2017.10.20 18:11:19.145,0.68571,0.68589,1.00,1.37
2017.10.20 18:11:19.442,0.68572,0.68592,1.00,1.87
2017.10.20 18:11:19.498,0.68574,0.68592,1.00,1.37
2017.10.20 18:11:19.605,0.68571,0.68596,1.75,1.50
2017.10.20 18:11:19.656,0.68571,0.68596,1.75,2.62
2017.10.20 18:11:19.811,0.68574,0.68596,1.50,1.75
2017.10.20 18:11:19.961,0.68574,0.68596,1.87,1.37
2017.10.20 18:11:20.062,0.6859,0.68608,1.12,1.00
2017.10.20 18:11:20.164,0.68594,0.68609,1.00,1.50
2017.10.20 18:11:20.266,0.68591,0.68611,1.00,1.75
2017.10.20 18:11:20.529,0.68589,0.68607,1.00,1.12
2017.10.20 18:11:20.582,0.68587,0.68607,1.00,1.12
2017.10.20 18:11:20.785,0.6859,0.68608,1.00,1.12
2017.10.20 18:11:20.938,0.68588,0.6861,1.50,1.50
2017.10.20 18:11:21.158,0.68588,0.6861,1.00,1.50
2017.10.20 18:11:21.209,0.68587,0.68607,1.12,1.00
2017.10.20 18:11:21.260,0.68588,0.68609,1.00,1.12
2017.10.20 18:11:21.313,0.68583,0.68606,2.25,1.12
2017.10.20 18:11:21.619,0.68588,0.6861,1.00,2.25
2017.10.20 18:11:21.820,0.68588,0.6861,1.50,1.75
2017.10.20 18:11:21.871,0.68588,0.68607,1.00,1.37
2017.10.20 18:11:21.973,0.6859,0.68609,1.00,1.87
2017.10.20 18:11:22.415,0.6859,0.68611,1.50,2.25
2017.10.20 18:11:22.516,0.68591,0.6861,1.00,1.37
2017.10.20 18:11:22.584,0.68594,0.68616,1.37,1.12
2017.10.20 18:11:22.990,0.68595,0.68613,1.00,1.00
2017.10.20 18:11:23.401,0.68593,0.68614,1.00,1.00
2017.10.20 18:11:23.504,0.68596,0.68616,1.00,1.50
2017.10.20 18:11:23.702,0.68596,0.6862,1.37,3.37
2017.10.20 18:11:23.753,0.686,0.68618,1.00,1.00
2017.10.20 18:11:23.958,0.68594,0.68615,1.00,1.50
2017.10.20 18:11:24.165,0.68597,0.68614,1.00,1.00
2017.10.20 18:11:24.373,0.68598,0.68617,1.12,1.12
2017.10.20 18:11:24.476,0.68603,0.68625,1.00,3.75
2017.10.20 18:11:24.581,0.68603,0.68624,1.12,1.50
2017.10.20 18:11:24.633,0.68603,0.68625,1.12,1.12
2017.10.20 18:11:24.941,0.68609,0.68624,1.00,1.00
2017.10.20 18:11:25.246,0.68607,0.68629,1.00,2.25
2017.10.20 18:11:25.298,0.68609,0.68625,1.00,1.00
2017.10.20 18:11:25.350,0.68607,0.68629,1.00,1.12
2017.10.20 18:11:25.612,0.68609,0.68632,1.12,1.75
2017.10.20 18:11:25.666,0.68612,0.68632,1.00,1.37
2017.10.20 18:11:25.869,0.68614,0.68634,1.00,1.50
2017.10.20 18:11:25.920,0.68612,0.68634,2.25,1.50
2017.10.20 18:11:25.971,0.68612,0.68633,2.25,1.00
2017.10.20 18:11:26.170,0.6861,0.68632,1.50,1.37
2017.10.20 18:11:26.277,0.6861,0.68631,1.37,1.37
2017.10.20 18:11:26.378,0.68611,0.68634,1.37,1.75
2017.10.20 18:11:26.530,0.6861,0.68633,1.12,2.25
2017.10.20 18:11:26.836,0.68611,0.68635,1.50,2.25
2017.10.20 18:11:27.148,0.68609,0.6863,1.12,1.00
2017.10.20 18:11:27.301,0.68612,0.68631,1.00,1.50
2017.10.20 18:11:27.560,0.68615,0.68635,1.12,1.50
2017.10.20 18:11:28.073,0.68617,0.68635,1.37,1.00
2017.10.20 18:11:28.339,0.68618,0.6864,1.75,1.50
2017.10.20 18:11:28.441,0.68616,0.68638,2.25,1.00
2017.10.20 18:11:28.746,0.68618,0.68638,1.50,1.00
2017.10.20 18:11:29.030,0.68616,0.68637,1.75,1.00
2017.10.20 18:11:29.082,0.68614,0.68635,1.75,1.00
2017.10.20 18:11:29.438,0.68613,0.68633,1.75,1.00
2017.10.20 18:11:29.739,0.68612,0.68635,2.25,1.37
2017.10.20 18:11:29.792,0.68614,0.68635,1.50,1.50
2017.10.20 18:11:29.844,0.68615,0.68635,1.75,1.00
2017.10.20 18:11:29.946,0.68615,0.68635,1.50,1.00
2017.10.20 18:11:30.048,0.68613,0.68633,2.25,1.00
2017.10.20 18:11:30.099,0.68613,0.68633,1.12,1.12
2017.10.20 18:11:30.202,0.68615,0.68637,1.37,1.75
2017.10.20 18:11:30.423,0.68619,0.68639,1.00,1.50
2017.10.20 18:11:30.528,0.68616,0.68637,2.25,1.50
2017.10.20 18:11:30.633,0.68611,0.68633,1.75,1.00
2017.10.20 18:11:30.785,0.68609,0.68632,2.25,1.00
2017.10.20 18:11:30.837,0.68609,0.68629,1.75,1.00
2017.10.20 18:11:30.888,0.68609,0.68629,1.50,1.00
2017.10.20 18:11:31.146,0.68609,0.68629,1.00,1.00
2017.10.20 18:11:31.350,0.68611,0.68631,1.00,1.37
2017.10.20 18:11:31.976,0.68609,0.6863,1.37,1.00
2017.10.20 18:11:32.297,0.68608,0.68628,1.12,1.00
2017.10.20 18:11:32.950,0.68608,0.68628,1.00,1.37
2017.10.20 18:11:33.204,0.68613,0.68634,1.00,1.12
2017.10.20 18:11:33.256,0.68612,0.68633,1.75,1.00
2017.10.20 18:11:33.357,0.6861,0.68632,1.75,1.00
2017.10.20 18:11:33.585,0.68612,0.68631,1.75,1.00
2017.10.20 18:11:33.739,0.68613,0.68633,1.37,1.12
2017.10.20 18:11:33.791,0.68613,0.68631,1.00,1.00
2017.10.20 18:11:33.895,0.68613,0.68633,1.37,1.12
2017.10.20 18:11:33.996,0.68615,0.68633,1.50,1.00
2017.10.20 18:11:34.335,0.68615,0.68635,1.50,1.00
2017.10.20 18:11:34.439,0.68615,0.68635,1.75,1.00
2017.10.20 18:11:35.014,0.68613,0.68635,3.00,1.00
2017.10.20 18:11:35.318,0.6861,0.68629,1.75,1.00
2017.10.20 18:11:35.369,0.68608,0.68629,1.50,1.00
2017.10.20 18:11:35.421,0.68607,0.68625,1.75,1.00
2017.10.20 18:11:35.472,0.68607,0.68625,1.75,1.50
2017.10.20 18:11:35.524,0.68602,0.68623,2.62,1.12
2017.10.20 18:11:35.575,0.68601,0.68622,1.37,1.37
2017.10.20 18:11:35.626,0.686,0.6862,1.50,1.00
2017.10.20 18:11:35.838,0.68596,0.68615,3.00,1.00
2017.10.20 18:11:35.889,0.68598,0.68618,1.37,1.37
2017.10.20 18:11:35.990,0.68598,0.68619,1.75,1.00
2017.10.20 18:11:36.193,0.68595,0.68618,2.25,1.12
2017.10.20 18:11:36.295,0.68595,0.68617,2.25,1.00
2017.10.20 18:11:36.932,0.68597,0.68618,1.75,1.12
2017.10.20 18:11:37.247,0.68596,0.68616,1.75,1.00
2017.10.20 18:11:37.569,0.68585,0.68608,2.25,1.12
2017.10.20 18:11:37.772,0.68588,0.68608,1.00,1.12
2017.10.20 18:11:38.285,0.68586,0.68606,1.12,1.00
2017.10.20 18:11:38.714,0.68588,0.68609,1.00,1.50
2017.10.20 18:11:39.019,0.6859,0.68609,2.25,1.00
2017.10.20 18:11:39.182,0.6859,0.68608,1.00,1.00
2017.10.20 18:11:39.287,0.68589,0.6861,1.75,1.00
2017.10.20 18:11:39.879,0.68593,0.6861,1.12,1.00
2017.10.20 18:11:40.424,0.68592,0.68611,1.50,1.00
2017.10.20 18:11:41.250,0.68592,0.68611,1.50,1.12
2017.10.20 18:11:42.014,0.6859,0.68612,1.50,1.87
2017.10.20 18:11:42.065,0.68592,0.68611,1.12,1.12
2017.10.20 18:11:42.661,0.68592,0.6861,1.12,1.00
2017.10.20 18:11:43.072,0.68592,0.68612,1.12,1.00
2017.10.20 18:11:43.645,0.68591,0.68611,1.37,1.87
2017.10.20 18:11:43.835,0.6859,0.68611,1.50,1.87
2017.10.20 18:11:44.041,0.68591,0.6861,1.00,1.37
2017.10.20 18:11:44.244,0.68591,0.68611,1.00,1.87
2017.10.20 18:11:44.346,0.68593,0.68611,1.00,1.87
2017.10.20 18:11:44.397,0.6859,0.68611,1.37,1.50
2017.10.20 18:11:44.902,0.68589,0.6861,1.00,1.87
2017.10.20 18:11:45.409,0.68588,0.6861,1.50,1.87
2017.10.20 18:11:45.742,0.6859,0.6861,1.50,1.12
2017.10.20 18:11:46.250,0.6859,0.6861,1.00,1.00
2017.10.20 18:11:47.256,0.68591,0.6861,1.00,1.00
2017.10.20 18:11:47.576,0.68588,0.68608,1.75,1.00
2017.10.20 18:11:47.919,0.68585,0.68604,1.37,1.12
2017.10.20 18:11:48.223,0.68586,0.68607,1.50,2.25
2017.10.20 18:11:49.094,0.68587,0.68607,1.00,2.25
2017.10.20 18:11:49.599,0.68586,0.68606,1.50,1.12
2017.10.20 18:11:51.117,0.68586,0.68606,1.50,1.12
2017.10.20 18:11:51.324,0.68584,0.68604,1.37,1.00
2017.10.20 18:11:51.578,0.68586,0.68606,1.00,1.87
2017.10.20 18:11:52.626,0.68587,0.68606,1.00,1.12
2017.10.20 18:11:54.609,0.68587,0.68605,1.50,1.00
2017.10.20 18:11:54.660,0.68587,0.68602,1.00,1.00
2017.10.20 18:11:55.031,0.68585,0.68604,1.37,1.00
2017.10.20 18:11:55.441,0.68583,0.68604,1.37,1.37
2017.10.20 18:11:58.191,0.68583,0.68602,1.50,1.00
2017.10.20 18:11:58.828,0.68582,0.68605,1.75,2.25
2017.10.20 18:11:58.879,0.68585,0.68605,1.37,1.12
2017.10.20 18:11:59.187,0.68588,0.68608,1.00,1.75
2017.10.20 18:11:59.289,0.68589,0.68607,1.00,1.12
2017.10.20 18:11:59.824,0.68592,0.6861,1.12,1.37
2017.10.20 18:11:59.926,0.68592,0.68611,1.12,1.50
2017.10.20 18:11:59.977,0.68592,0.68609,1.12,1.00
2017.10.20 18:12:00.551,0.68589,0.6861,1.37,1.12
2017.10.20 18:12:01.085,0.68592,0.6861,1.00,1.00
2017.10.20 18:12:02.174,0.68592,0.68611,1.12,1.00
2017.10.20 18:12:02.887,0.68591,0.68611,1.00,1.00
2017.10.20 18:12:03.625,0.6859,0.6861,1.50,1.50
2017.10.20 18:12:04.436,0.68593,0.6861,1.00,1.00
2017.10.20 18:12:04.689,0.6859,0.6861,1.00,1.50
2017.10.20 18:12:05.667,0.68588,0.68608,1.50,1.00
2017.10.20 18:12:05.769,0.68588,0.68607,1.12,1.00
2017.10.20 18:12:07.581,0.68589,0.68608,1.00,1.00
2017.10.20 18:12:08.100,0.68589,0.68608,1.37,1.00
2017.10.20 18:12:08.151,0.68588,0.68608,1.50,1.00
2017.10.20 18:12:08.684,0.68588,0.68609,1.50,1.87
2017.10.20 18:12:09.194,0.68589,0.68608,1.50,1.50
2017.10.20 18:12:11.716,0.68589,0.68607,1.50,1.00
2017.10.20 18:12:12.096,0.6859,0.68609,1.00,1.00
2017.10.20 18:12:17.071,0.68591,0.68609,1.37,1.00
2017.10.20 18:12:17.226,0.68584,0.68604,1.50,1.00
2017.10.20 18:12:17.386,0.68583,0.68602,1.37,1.12
2017.10.20 18:12:17.639,0.68584,0.68604,1.37,1.12
2017.10.20 18:12:18.764,0.68585,0.68605,1.12,1.00
2017.10.20 18:12:19.313,0.68585,0.68605,1.50,1.00
2017.10.20 18:12:19.415,0.68586,0.68605,1.37,1.00
2017.10.20 18:12:19.941,0.68585,0.68605,1.37,1.87
2017.10.20 18:12:20.431,0.68585,0.68603,1.12,1.00
2017.10.20 18:12:20.483,0.68585,0.68605,1.50,1.00
2017.10.20 18:12:20.842,0.68584,0.68606,1.75,1.00
2017.10.20 18:12:21.346,0.68586,0.68606,1.12,1.00
2017.10.20 18:12:21.974,0.68587,0.68607,1.00,2.25
2017.10.20 18:12:22.551,0.68587,0.68605,1.00,1.00
2017.10.20 18:12:23.519,0.68586,0.68607,1.50,1.87
2017.10.20 18:12:23.824,0.6859,0.68609,1.00,1.37
2017.10.20 18:12:24.192,0.68591,0.6861,1.00,1.00
2017.10.20 18:12:24.698,0.68591,0.68611,1.00,1.87
2017.10.20 18:12:25.406,0.68592,0.68611,1.00,1.12
2017.10.20 18:12:27.107,0.68593,0.68611,1.00,1.12
2017.10.20 18:12:27.714,0.68592,0.68612,1.37,1.87
2017.10.20 18:12:29.062,0.68592,0.68612,1.37,1.87
2017.10.20 18:12:29.716,0.68592,0.68611,1.00,1.37
2017.10.20 18:12:31.361,0.68592,0.68611,1.00,1.12
2017.10.20 18:12:39.089,0.68592,0.68612,1.00,2.25
2017.10.20 18:12:43.271,0.68594,0.68612,1.00,1.87
2017.10.20 18:12:44.338,0.68595,0.68613,1.12,1.00
2017.10.20 18:12:44.541,0.68595,0.68615,1.12,1.00
2017.10.20 18:12:46.454,0.68594,0.68615,1.50,1.87
2017.10.20 18:12:46.828,0.68594,0.68614,1.00,1.37
2017.10.20 18:12:47.359,0.68593,0.68612,1.00,1.00
2017.10.20 18:12:49.016,0.68595,0.68613,1.00,1.50
2017.10.20 18:12:49.120,0.68596,0.68614,1.00,1.00
2017.10.20 18:12:49.646,0.68594,0.68614,1.12,1.00
2017.10.20 18:12:50.945,0.68594,0.68614,1.12,1.87
2017.10.20 18:12:51.548,0.68595,0.68614,1.00,1.37
2017.10.20 18:12:52.080,0.68594,0.68613,1.00,1.00
2017.10.20 18:12:54.674,0.68595,0.68613,1.00,1.87
2017.10.20 18:12:57.105,0.68594,0.68614,1.00,1.87
2017.10.20 18:12:57.478,0.68592,0.68612,1.00,1.87
2017.10.20 18:12:58.451,0.68592,0.68611,1.00,1.00
2017.10.20 18:12:59.589,0.68594,0.68613,1.00,1.50
2017.10.20 18:12:59.895,0.68591,0.6861,1.00,1.00
2017.10.20 18:13:00.444,0.68586,0.68604,1.12,1.00
2017.10.20 18:13:01.329,0.68586,0.68606,1.12,1.37
2017.10.20 18:13:01.772,0.68586,0.68606,1.37,1.37
2017.10.20 18:13:02.036,0.68587,0.68607,1.37,1.00
2017.10.20 18:13:02.511,0.68591,0.68611,1.00,2.25
2017.10.20 18:13:02.714,0.68592,0.68611,1.00,1.37
2017.10.20 18:13:03.246,0.68591,0.6861,1.00,1.50
2017.10.20 18:13:03.770,0.6859,0.6861,1.37,1.12
2017.10.20 18:13:03.976,0.68592,0.6861,1.00,1.75
2017.10.20 18:13:04.078,0.68592,0.6861,1.00,1.00
2017.10.20 18:13:04.733,0.68591,0.6861,1.00,1.00
2017.10.20 18:13:05.403,0.68592,0.6861,1.00,1.00
2017.10.20 18:13:06.213,0.68592,0.68612,1.37,1.00
2017.10.20 18:13:06.724,0.68594,0.68612,1.00,1.00
2017.10.20 18:13:06.949,0.68594,0.68614,1.00,1.50
2017.10.20 18:13:07.165,0.68592,0.68612,1.50,1.12
2017.10.20 18:13:07.976,0.68593,0.68613,1.50,1.00
2017.10.20 18:13:10.776,0.68592,0.68612,1.50,1.00
2017.10.20 18:13:10.979,0.6859,0.6861,1.50,1.00
2017.10.20 18:13:12.417,0.6859,0.68609,1.00,1.00
2017.10.20 18:13:13.682,0.68588,0.68609,1.50,1.00
2017.10.20 18:13:14.507,0.68588,0.68609,1.12,1.87
2017.10.20 18:13:16.497,0.68588,0.68609,1.37,1.87
2017.10.20 18:13:19.662,0.68591,0.68609,1.00,1.12
2017.10.20 18:13:20.337,0.68587,0.6861,1.75,2.62
2017.10.20 18:13:20.639,0.68587,0.6861,1.37,2.25
2017.10.20 18:13:21.712,0.68587,0.68608,1.50,1.50
2017.10.20 18:13:22.349,0.68587,0.68607,1.37,1.00
2017.10.20 18:13:23.007,0.68587,0.68608,1.37,1.87
2017.10.20 18:13:23.317,0.68586,0.68606,1.50,1.00
2017.10.20 18:13:23.723,0.68586,0.68605,1.37,1.37
2017.10.20 18:13:24.329,0.68586,0.68606,1.37,1.37
2017.10.20 18:13:26.467,0.68587,0.68606,1.12,1.50
2017.10.20 18:13:28.010,0.68585,0.68606,1.37,2.25
2017.10.20 18:13:28.111,0.68586,0.68606,1.00,2.25
2017.10.20 18:13:32.537,0.68583,0.68604,1.75,1.00
2017.10.20 18:13:32.741,0.6858,0.68602,1.75,1.50
2017.10.20 18:13:32.842,0.68579,0.68602,1.75,2.25
2017.10.20 18:13:33.503,0.68585,0.68603,1.00,1.50
2017.10.20 18:13:34.108,0.68583,0.68604,1.37,1.87
2017.10.20 18:13:34.626,0.68584,0.68605,1.50,1.87
2017.10.20 18:13:37.050,0.68584,0.68605,1.50,1.50
2017.10.20 18:13:37.355,0.68585,0.68605,2.25,1.00
2017.10.20 18:13:37.870,0.68586,0.68606,1.00,1.50
2017.10.20 18:13:40.181,0.68586,0.68605,1.12,1.00
2017.10.20 18:13:40.680,0.68588,0.68607,1.00,1.50
2017.10.20 18:13:41.187,0.68588,0.68608,1.00,1.00
2017.10.20 18:13:47.072,0.68586,0.68607,1.75,1.00
2017.10.20 18:13:47.296,0.68588,0.6861,1.87,1.87
2017.10.20 18:13:47.397,0.68588,0.6861,1.87,1.87
2017.10.20 18:13:47.815,0.68588,0.68607,1.37,1.00
2017.10.20 18:13:48.864,0.68588,0.68607,1.12,1.00
2017.10.20 18:13:49.016,0.68586,0.68607,1.12,1.37
2017.10.20 18:13:49.118,0.68587,0.68608,1.12,1.00
2017.10.20 18:13:49.222,0.68587,0.68608,1.50,1.00
2017.10.20 18:13:49.727,0.68588,0.68607,1.37,1.00
2017.10.20 18:13:50.308,0.68589,0.68608,1.00,1.50
2017.10.20 18:13:52.664,0.6859,0.68609,1.00,1.87
2017.10.20 18:13:59.417,0.68587,0.68607,1.00,1.37
2017.10.20 18:13:59.476,0.68587,0.68604,1.00,1.00
2017.10.20 18:13:59.730,0.68584,0.68603,1.00,1.50
2017.10.20 18:14:00.264,0.68583,0.68602,1.37,1.12
2017.10.20 18:14:01.233,0.68583,0.68603,1.37,1.37
2017.10.20 18:14:01.386,0.68586,0.68605,1.37,1.00
2017.10.20 18:14:01.921,0.68584,0.68605,1.37,1.87
2017.10.20 18:14:02.442,0.68584,0.68605,1.37,1.37
2017.10.20 18:14:03.014,0.68585,0.68606,1.37,1.87
2017.10.20 18:14:04.895,0.68584,0.68605,1.37,1.37
2017.10.20 18:14:04.946,0.68582,0.68603,1.50,1.50
2017.10.20 18:14:05.501,0.68584,0.68603,1.50,1.00
2017.10.20 18:14:06.127,0.68586,0.68604,1.37,1.00
2017.10.20 18:14:06.279,0.68584,0.68603,1.50,1.00
2017.10.20 18:14:06.794,0.68584,0.68602,1.00,1.00
2017.10.20 18:14:11.161,0.68581,0.68602,1.37,1.12
2017.10.20 18:14:12.533,0.68581,0.68602,1.12,1.87
2017.10.20 18:14:12.584,0.6858,0.68599,1.50,1.00
2017.10.20 18:14:13.012,0.68583,0.686,1.00,1.00
2017.10.20 18:14:13.567,0.68583,0.68601,1.12,1.00
2017.10.20 18:14:14.015,0.68586,0.68602,1.00,1.50
2017.10.20 18:14:14.117,0.68587,0.68604,1.00,1.00
2017.10.20 18:14:14.269,0.68585,0.68605,1.00,1.87
2017.10.20 18:14:14.795,0.68585,0.68605,1.12,1.87
2017.10.20 18:14:14.942,0.68587,0.68606,1.00,2.25
2017.10.20 18:14:15.095,0.68587,0.68608,1.37,2.25
2017.10.20 18:14:15.905,0.68587,0.68608,1.87,1.87
2017.10.20 18:14:17.522,0.68588,0.68607,1.50,1.00
2017.10.20 18:14:18.029,0.68582,0.68603,2.25,1.00
2017.10.20 18:14:18.081,0.68582,0.68601,1.75,1.00
2017.10.20 18:14:18.183,0.6858,0.68601,1.50,1.00
2017.10.20 18:14:19.573,0.68579,0.686,1.75,1.00
2017.10.20 18:14:19.725,0.68578,0.68599,1.50,1.00
2017.10.20 18:14:20.072,0.68578,0.68597,1.50,1.00
2017.10.20 18:14:22.215,0.68577,0.68598,1.75,1.00
2017.10.20 18:14:23.868,0.68579,0.68598,1.37,1.00
2017.10.20 18:14:24.416,0.68579,0.68599,1.50,1.00
2017.10.20 18:14:24.625,0.68579,0.68599,1.50,1.50
2017.10.20 18:14:25.633,0.68578,0.68598,1.87,1.00
2017.10.20 18:14:26.512,0.68577,0.68598,1.37,1.87
2017.10.20 18:14:26.647,0.68577,0.68598,1.37,2.25
2017.10.20 18:14:26.699,0.68577,0.68598,2.25,1.37
2017.10.20 18:14:31.797,0.68577,0.68596,1.50,1.00
2017.10.20 18:14:32.429,0.68577,0.68596,1.50,1.00
2017.10.20 18:14:33.337,0.68577,0.68596,1.50,1.00
2017.10.20 18:14:33.439,0.68579,0.68598,1.37,1.50
2017.10.20 18:14:36.622,0.6858,0.68599,1.37,1.00
2017.10.20 18:14:37.130,0.68579,0.686,1.87,1.50
2017.10.20 18:14:37.706,0.68579,0.68599,1.37,1.00
2017.10.20 18:14:38.525,0.68582,0.686,1.00,1.50
2017.10.20 18:14:39.180,0.6858,0.686,1.37,1.50
2017.10.20 18:14:39.846,0.6858,0.68599,1.37,1.00
2017.10.20 18:14:46.368,0.68582,0.68599,1.12,1.12
2017.10.20 18:14:46.772,0.68582,0.68601,1.37,1.12
2017.10.20 18:14:47.522,0.68581,0.68602,1.50,1.50
2017.10.20 18:14:48.108,0.68581,0.68602,1.50,1.50
2017.10.20 18:14:48.734,0.68581,0.68602,1.50,1.50
2017.10.20 18:14:49.235,0.68581,0.68601,1.50,1.00
2017.10.20 18:14:50.212,0.68579,0.686,1.75,1.00
2017.10.20 18:14:50.717,0.68581,0.68602,1.50,1.87
2017.10.20 18:14:50.880,0.68581,0.68599,1.00,1.00
2017.10.20 18:14:51.203,0.68576,0.68597,1.75,1.00
2017.10.20 18:14:51.345,0.68576,0.68597,1.37,2.25
2017.10.20 18:14:51.447,0.68576,0.68595,1.00,1.00
2017.10.20 18:14:51.816,0.68579,0.68595,1.00,1.50
2017.10.20 18:14:53.516,0.68578,0.68595,1.00,1.00
2017.10.20 18:14:53.846,0.68576,0.68595,1.00,2.25
2017.10.20 18:14:54.813,0.68576,0.68594,1.00,1.00
2017.10.20 18:14:54.914,0.68579,0.68595,1.00,1.50
2017.10.20 18:14:55.325,0.68577,0.68595,1.00,1.00
2017.10.20 18:14:55.646,0.68576,0.68595,1.37,1.00
2017.10.20 18:14:55.775,0.68578,0.68597,1.00,1.87
2017.10.20 18:14:56.320,0.68578,0.68597,1.37,1.12
2017.10.20 18:14:56.862,0.68578,0.68597,1.12,1.87
2017.10.20 18:14:56.913,0.68576,0.68594,1.37,1.00
2017.10.20 18:14:56.967,0.68576,0.68594,1.00,1.00
2017.10.20 18:14:57.208,0.68579,0.68595,1.00,1.00
2017.10.20 18:14:57.434,0.68577,0.68594,1.00,1.00
2017.10.20 18:14:57.689,0.68577,0.68596,1.12,1.00
2017.10.20 18:14:58.449,0.68577,0.68595,1.00,1.12
2017.10.20 18:15:01.247,0.68577,0.68593,1.00,1.00
2017.10.20 18:15:01.400,0.68576,0.68595,1.12,1.12
2017.10.20 18:15:01.678,0.68579,0.68595,1.00,1.00
2017.10.20 18:15:01.729,0.68579,0.68598,1.00,1.87
2017.10.20 18:15:02.647,0.68578,0.68597,1.12,1.00
2017.10.20 18:15:02.700,0.68581,0.68599,1.00,1.37
2017.10.20 18:15:03.006,0.68581,0.686,1.12,2.25
2017.10.20 18:15:03.518,0.68582,0.68599,1.00,1.00
2017.10.20 18:15:04.124,0.68582,0.68601,1.00,1.87
2017.10.20 18:15:04.708,0.68581,0.686,1.00,1.12
2017.10.20 18:15:05.519,0.68582,0.686,1.00,1.12
2017.10.20 18:15:06.704,0.68581,0.686,1.00,1.87
2017.10.20 18:15:06.756,0.68581,0.68598,1.00,1.00
2017.10.20 18:15:06.956,0.68586,0.68604,1.00,1.12
2017.10.20 18:15:07.261,0.68588,0.68605,1.00,1.12
2017.10.20 18:15:07.312,0.68584,0.68603,1.50,1.00
2017.10.20 18:15:07.816,0.68584,0.68605,1.00,2.25
2017.10.20 18:15:08.524,0.68585,0.68604,1.00,1.50
2017.10.20 18:15:09.117,0.68584,0.68603,1.00,1.12
2017.10.20 18:15:09.574,0.68588,0.68607,1.00,2.25
2017.10.20 18:15:09.730,0.68586,0.68605,1.00,1.00
2017.10.20 18:15:09.781,0.68586,0.68604,1.00,1.37
2017.10.20 18:15:10.303,0.68586,0.68604,1.00,1.00
2017.10.20 18:15:10.637,0.68589,0.68607,1.00,1.87
2017.10.20 18:15:10.944,0.68587,0.68605,1.00,1.37
2017.10.20 18:15:11.252,0.68589,0.68606,1.00,1.37
2017.10.20 18:15:12.358,0.68588,0.68606,1.12,1.37
2017.10.20 18:15:16.125,0.68584,0.68603,1.12,1.00
2017.10.20 18:15:16.176,0.68584,0.68603,1.00,1.37
2017.10.20 18:15:16.483,0.68584,0.68602,1.00,1.37
2017.10.20 18:15:17.030,0.68583,0.686,1.00,1.00
2017.10.20 18:15:17.336,0.68584,0.68603,1.12,1.50
2017.10.20 18:15:17.710,0.68583,0.686,1.00,1.00
2017.10.20 18:15:17.913,0.68584,0.68602,1.00,1.50
2017.10.20 18:15:19.097,0.68583,0.68601,1.12,1.37
2017.10.20 18:15:19.790,0.68584,0.68603,1.00,2.62
2017.10.20 18:15:20.095,0.68584,0.68602,1.00,1.12
2017.10.20 18:15:21.503,0.68586,0.68602,1.00,1.00
2017.10.20 18:15:23.234,0.68584,0.68602,1.00,1.00
2017.10.20 18:15:23.483,0.68586,0.68602,1.00,1.00
2017.10.20 18:15:23.585,0.68584,0.68602,1.00,1.00
2017.10.20 18:15:23.968,0.68586,0.68604,1.00,1.50
2017.10.20 18:15:24.019,0.68586,0.68605,1.00,2.25
2017.10.20 18:15:24.608,0.68587,0.68604,1.00,1.00
2017.10.20 18:15:25.334,0.68586,0.68604,1.00,1.00
2017.10.20 18:15:25.436,0.68584,0.68603,1.12,1.87
2017.10.20 18:15:25.487,0.68584,0.68601,1.12,1.00
2017.10.20 18:15:25.732,0.68582,0.68601,1.00,1.50
2017.10.20 18:15:26.072,0.68582,0.68598,1.00,1.00
2017.10.20 18:15:26.174,0.6858,0.68599,1.12,1.12
2017.10.20 18:15:26.738,0.6858,0.68598,1.00,1.00
2017.10.20 18:15:27.293,0.6858,0.68599,1.00,1.12
2017.10.20 18:15:27.396,0.68582,0.68598,1.00,1.00
2017.10.20 18:15:27.913,0.68582,0.68601,1.00,3.00
2017.10.20 18:15:28.015,0.68582,0.68601,1.00,2.25
2017.10.20 18:15:28.602,0.68581,0.686,1.00,1.50
2017.10.20 18:15:29.142,0.68582,0.686,1.00,1.00
2017.10.20 18:15:29.487,0.68584,0.686,1.00,1.00
2017.10.20 18:15:30.031,0.68583,0.68599,1.00,1.12
2017.10.20 18:15:30.351,0.68581,0.68599,1.00,1.50
2017.10.20 18:15:30.554,0.68583,0.68599,1.00,1.50
2017.10.20 18:15:32.967,0.68582,0.68598,1.00,1.00
2017.10.20 18:15:33.490,0.68583,0.68599,1.00,1.87
2017.10.20 18:15:33.847,0.6858,0.68599,1.00,1.50
2017.10.20 18:15:34.241,0.68581,0.686,1.00,1.50
2017.10.20 18:15:35.110,0.6858,0.68599,1.00,1.87
2017.10.20 18:15:35.319,0.6858,0.68597,1.00,1.00
2017.10.20 18:15:36.948,0.68578,0.68597,1.12,1.00
2017.10.20 18:15:37.050,0.68578,0.68597,1.00,1.87
2017.10.20 18:15:37.355,0.68584,0.68602,1.00,1.37
2017.10.20 18:15:37.979,0.68585,0.68602,1.00,1.00
2017.10.20 18:15:38.706,0.68585,0.68603,1.00,1.12
2017.10.20 18:15:39.241,0.68586,0.68602,1.00,1.00
2017.10.20 18:15:39.879,0.68585,0.68603,1.00,1.12
2017.10.20 18:15:40.408,0.68586,0.68603,1.00,1.12
2017.10.20 18:15:42.549,0.68586,0.68605,1.00,1.87
2017.10.20 18:15:43.018,0.68588,0.68605,1.00,1.87
2017.10.20 18:15:43.274,0.68586,0.68605,1.00,2.25
2017.10.20 18:15:43.780,0.68587,0.68605,1.00,1.37
2017.10.20 18:15:44.216,0.68584,0.68602,1.00,1.00
2017.10.20 18:15:44.368,0.68582,0.686,1.37,1.37
2017.10.20 18:15:47.106,0.68582,0.68601,1.12,1.87
2017.10.20 18:15:47.546,0.68582,0.68601,1.12,2.62
2017.10.20 18:15:51.760,0.68581,0.68599,1.00,1.37
2017.10.20 18:15:52.014,0.68579,0.68598,1.12,1.87
2017.10.20 18:15:52.065,0.68579,0.68596,1.00,1.37
2017.10.20 18:15:52.410,0.68578,0.68595,1.00,2.25
2017.10.20 18:15:52.461,0.68575,0.68593,1.00,1.50
2017.10.20 18:15:52.816,0.68573,0.68592,1.00,1.12
2017.10.20 18:15:52.917,0.68575,0.68593,1.00,1.87
2017.10.20 18:15:53.330,0.68577,0.68594,1.00,2.25
2017.10.20 18:15:53.433,0.68575,0.68592,1.00,1.12
2017.10.20 18:15:54.249,0.68574,0.68592,1.00,1.50
2017.10.20 18:15:54.411,0.68576,0.68592,1.00,1.12
2017.10.20 18:15:54.614,0.68573,0.68592,1.00,1.87
2017.10.20 18:15:54.665,0.68573,0.6859,1.00,1.37
2017.10.20 18:15:55.239,0.68574,0.68591,1.00,1.50
2017.10.20 18:15:55.831,0.68573,0.68591,1.00,1.37
2017.10.20 18:15:56.349,0.68574,0.68591,1.12,1.37
2017.10.20 18:15:56.450,0.68575,0.68593,1.00,1.50
2017.10.20 18:15:56.979,0.68573,0.68592,1.12,1.87
2017.10.20 18:15:57.081,0.68573,0.6859,1.12,1.00
2017.10.20 18:15:57.419,0.68576,0.68592,1.00,1.37
2017.10.20 18:15:57.920,0.68576,0.68592,1.00,1.00
2017.10.20 18:15:59.100,0.68575,0.68592,1.12,1.50
2017.10.20 18:15:59.151,0.68572,0.6859,1.12,1.00
2017.10.20 18:15:59.202,0.68568,0.68587,1.50,1.00
2017.10.20 18:15:59.506,0.6857,0.68588,1.12,1.37
2017.10.20 18:16:00.188,0.68569,0.68589,1.00,3.00
2017.10.20 18:16:00.290,0.6857,0.68589,1.00,2.62
2017.10.20 18:16:00.810,0.6857,0.68586,1.00,1.00
2017.10.20 18:16:01.337,0.6857,0.68587,1.00,1.87
2017.10.20 18:16:01.846,0.68569,0.68587,1.00,1.87
2017.10.20 18:16:02.010,0.68571,0.68588,1.00,2.25
2017.10.20 18:16:02.061,0.68569,0.68587,1.00,1.87
2017.10.20 18:16:02.163,0.68571,0.68587,1.00,1.12
2017.10.20 18:16:02.214,0.68569,0.68587,1.00,1.87
2017.10.20 18:16:02.317,0.6857,0.68585,1.00,1.00
2017.10.20 18:16:02.470,0.68568,0.68587,1.12,1.87
2017.10.20 18:16:03.016,0.68569,0.68586,1.00,1.00
2017.10.20 18:16:03.556,0.6857,0.68587,1.00,1.12
2017.10.20 18:16:03.776,0.68568,0.68587,1.12,1.87
2017.10.20 18:16:04.172,0.6857,0.68588,1.00,1.37
2017.10.20 18:16:06.630,0.68569,0.68587,1.00,1.12
2017.10.20 18:16:08.079,0.6857,0.68587,1.00,1.12
2017.10.20 18:16:08.382,0.68574,0.6859,1.00,1.00
2017.10.20 18:16:13.456,0.6857,0.68588,1.12,1.00
2017.10.20 18:16:13.557,0.68568,0.68587,1.00,1.00
2017.10.20 18:16:13.710,0.68568,0.68587,1.12,2.70
2017.10.20 18:16:14.037,0.6857,0.68588,1.00,1.87
2017.10.20 18:16:14.544,0.68569,0.68587,1.00,1.37
2017.10.20 18:16:14.849,0.68569,0.68587,1.37,1.37
2017.10.20 18:16:15.374,0.68571,0.68588,1.00,1.87
2017.10.20 18:16:15.945,0.68569,0.68586,1.00,1.37
2017.10.20 18:16:16.710,0.68567,0.68586,1.37,1.37
2017.10.20 18:16:16.889,0.68563,0.68585,1.75,1.87
2017.10.20 18:16:16.940,0.68562,0.68582,1.87,1.00
2017.10.20 18:16:17.144,0.68561,0.68581,1.12,1.37
2017.10.20 18:16:17.718,0.68561,0.68579,1.12,1.00
2017.10.20 18:16:21.555,0.68561,0.6858,1.50,1.12
2017.10.20 18:16:21.941,0.6856,0.6858,1.37,1.87
2017.10.20 18:16:21.993,0.6856,0.6858,1.12,2.62
2017.10.20 18:16:22.536,0.6856,0.68579,1.12,1.37
2017.10.20 18:16:23.042,0.68561,0.6858,1.12,2.62
2017.10.20 18:16:23.819,0.68561,0.68581,1.12,1.87
2017.10.20 18:16:24.332,0.68562,0.6858,1.12,1.12
2017.10.20 18:16:24.612,0.68563,0.68582,1.12,1.12
2017.10.20 18:16:24.814,0.68562,0.6858,1.37,1.50
2017.10.20 18:16:25.168,0.68563,0.6858,1.37,1.00
2017.10.20 18:16:25.219,0.68563,0.68582,1.37,1.12
2017.10.20 18:16:26.724,0.68565,0.68584,1.37,1.87
2017.10.20 18:16:29.800,0.68562,0.68582,1.50,1.00
2017.10.20 18:16:30.533,0.68561,0.68582,1.37,1.12
2017.10.20 18:16:30.731,0.68563,0.68581,1.37,1.00
2017.10.20 18:16:30.836,0.68562,0.68582,1.00,1.75
2017.10.20 18:16:30.989,0.68559,0.6858,1.50,1.37
2017.10.20 18:16:31.141,0.68557,0.68578,1.50,1.37
2017.10.20 18:16:32.116,0.68557,0.68575,1.50,1.00
2017.10.20 18:16:32.454,0.6856,0.68577,1.12,1.12
2017.10.20 18:16:32.505,0.68562,0.6858,1.00,1.37
2017.10.20 18:16:32.556,0.68562,0.6858,1.00,1.12
2017.10.20 18:16:33.057,0.68563,0.68583,1.37,1.95
2017.10.20 18:16:33.892,0.68563,0.68583,1.00,1.87
2017.10.20 18:16:34.938,0.68562,0.68583,1.12,1.87
2017.10.20 18:16:36.079,0.68565,0.68583,1.37,2.70
2017.10.20 18:16:36.180,0.68561,0.68581,1.50,1.12
2017.10.20 18:16:36.231,0.68563,0.68579,1.37,1.00
2017.10.20 18:16:36.469,0.68557,0.68579,1.75,1.00
2017.10.20 18:16:36.570,0.68559,0.68578,1.37,1.47
2017.10.20 18:16:36.874,0.68557,0.68575,1.37,1.00
2017.10.20 18:16:37.386,0.68558,0.68576,1.37,1.12
2017.10.20 18:16:37.944,0.68557,0.68576,1.00,1.50
2017.10.20 18:16:38.374,0.68556,0.68574,1.12,1.00
2017.10.20 18:16:39.206,0.68557,0.68576,1.00,1.37
2017.10.20 18:16:40.339,0.68556,0.68575,1.12,1.37
2017.10.20 18:16:40.713,0.68553,0.68573,1.12,1.12
2017.10.20 18:16:42.023,0.68558,0.68574,1.00,1.37
2017.10.20 18:16:42.074,0.68557,0.68575,1.12,1.00
2017.10.20 18:16:42.125,0.68557,0.68577,1.00,1.12
2017.10.20 18:16:42.176,0.68559,0.68577,1.00,1.12
2017.10.20 18:16:42.826,0.68559,0.68578,1.00,1.00
2017.10.20 18:16:43.338,0.68557,0.68577,1.75,1.00
2017.10.20 18:16:43.916,0.68557,0.68575,1.37,1.00
2017.10.20 18:16:46.049,0.68557,0.68577,1.37,1.87
2017.10.20 18:16:54.989,0.68559,0.68578,1.00,1.12
2017.10.20 18:16:55.040,0.68559,0.68578,1.00,1.57
2017.10.20 18:16:55.141,0.6856,0.68578,1.00,1.20
2017.10.20 18:16:55.549,0.6856,0.68578,1.50,1.45
2017.10.20 18:16:56.011,0.6856,0.68579,1.12,1.57
2017.10.20 18:16:57.849,0.68559,0.68579,1.50,2.32
2017.10.20 18:16:59.057,0.68559,0.68579,1.50,2.32
2017.10.20 18:16:59.569,0.6856,0.68579,1.00,1.20
2017.10.20 18:16:59.892,0.6856,0.68579,1.00,1.45
2017.10.20 18:17:00.407,0.6856,0.6858,1.12,1.57
2017.10.20 18:17:00.929,0.68559,0.68579,1.00,2.32
2017.10.20 18:17:01.698,0.68561,0.68579,1.12,1.45
2017.10.20 18:17:02.002,0.68563,0.68583,1.12,2.32
2017.10.20 18:17:02.579,0.68563,0.68583,1.12,1.87
2017.10.20 18:17:02.977,0.68569,0.68583,1.12,1.12
2017.10.20 18:17:03.195,0.68571,0.68589,1.50,1.00
2017.10.20 18:17:03.246,0.68573,0.68591,1.00,1.50
2017.10.20 18:17:03.539,0.68571,0.68591,1.50,1.50
2017.10.20 18:17:03.590,0.68573,0.6859,1.00,1.00
2017.10.20 18:17:04.284,0.68573,0.68591,1.12,1.00
2017.10.20 18:17:04.588,0.68571,0.6859,1.50,1.00
2017.10.20 18:17:04.953,0.68569,0.6859,1.37,1.37
2017.10.20 18:17:05.054,0.6857,0.6859,1.12,1.37
2017.10.20 18:17:05.207,0.6857,0.68588,1.00,1.37
2017.10.20 18:17:05.309,0.6857,0.68589,1.12,1.12
2017.10.20 18:17:05.704,0.68572,0.68589,1.00,1.12
2017.10.20 18:17:06.258,0.6857,0.68589,1.37,1.12
2017.10.20 18:17:06.673,0.68566,0.68587,1.50,1.00
2017.10.20 18:17:06.843,0.68567,0.68585,1.12,1.12
2017.10.20 18:17:07.612,0.68565,0.68585,1.12,1.87
2017.10.20 18:17:07.951,0.68567,0.68587,1.12,1.50
2017.10.20 18:17:08.255,0.68567,0.68585,1.37,1.00
2017.10.20 18:17:08.864,0.68567,0.68585,1.50,1.00
2017.10.20 18:17:09.017,0.6857,0.68589,1.12,1.00
2017.10.20 18:17:09.172,0.68567,0.68587,1.75,1.00
2017.10.20 18:17:09.274,0.68566,0.68586,1.50,1.00
2017.10.20 18:17:09.376,0.68567,0.68587,1.37,1.37
2017.10.20 18:17:10.171,0.68567,0.68586,1.37,1.37
2017.10.20 18:17:10.369,0.68565,0.68584,1.37,1.00
2017.10.20 18:17:11.032,0.68567,0.68586,1.00,1.87
2017.10.20 18:17:11.960,0.68565,0.68585,1.37,1.12
2017.10.20 18:17:12.482,0.68565,0.68585,1.12,1.12
2017.10.20 18:17:12.694,0.68567,0.68586,1.00,1.95
2017.10.20 18:17:12.905,0.68565,0.68584,1.12,1.00
2017.10.20 18:17:14.738,0.68565,0.68584,1.12,1.37
2017.10.20 18:17:15.473,0.68565,0.68585,1.12,1.37
2017.10.20 18:17:19.050,0.68563,0.68584,1.75,1.87
2017.10.20 18:17:19.727,0.68564,0.68585,1.37,1.87
2017.10.20 18:17:20.422,0.68564,0.68585,1.50,1.95
2017.10.20 18:17:22.339,0.68563,0.68584,1.50,1.12
2017.10.20 18:17:22.645,0.68565,0.68584,1.37,1.00
2017.10.20 18:17:22.848,0.68567,0.68586,1.00,1.57
2017.10.20 18:17:22.975,0.68565,0.68583,1.50,1.00
2017.10.20 18:17:23.344,0.68564,0.68584,1.37,1.87
2017.10.20 18:17:23.445,0.68564,0.68584,1.37,1.12
2017.10.20 18:17:24.020,0.68566,0.68585,1.00,1.95
2017.10.20 18:17:24.628,0.68565,0.68585,1.12,1.37
2017.10.20 18:17:25.956,0.68565,0.68584,1.12,1.37
2017.10.20 18:17:26.057,0.68566,0.68586,1.00,2.25
2017.10.20 18:17:27.656,0.68565,0.68586,1.12,3.00
2017.10.20 18:17:27.792,0.68565,0.68586,1.37,3.00
2017.10.20 18:17:28.254,0.6857,0.68585,1.00,1.37
2017.10.20 18:17:28.534,0.68569,0.6859,1.50,1.87
2017.10.20 18:17:29.353,0.68571,0.68591,1.12,1.37
2017.10.20 18:17:31.413,0.6857,0.68589,1.50,1.00
2017.10.20 18:17:32.013,0.6857,0.68589,1.12,1.37
2017.10.20 18:17:33.319,0.6857,0.6859,1.37,1.37
2017.10.20 18:17:33.371,0.68571,0.6859,1.37,1.12
2017.10.20 18:17:34.027,0.68571,0.68589,1.37,1.00
2017.10.20 18:17:34.588,0.6857,0.6859,1.37,1.12
2017.10.20 18:17:35.097,0.6857,0.6859,1.37,1.12
2017.10.20 18:17:40.335,0.68571,0.6859,1.00,1.12
2017.10.20 18:17:40.682,0.6857,0.6859,1.12,3.37
2017.10.20 18:17:45.179,0.6857,0.6859,1.12,1.87
2017.10.20 18:17:52.498,0.6857,0.6859,1.12,2.62
2017.10.20 18:17:53.049,0.6857,0.6859,1.37,2.62
2017.10.20 18:17:53.968,0.6857,0.6859,1.37,2.62
2017.10.20 18:17:54.319,0.68572,0.68591,1.37,1.37
2017.10.20 18:17:56.306,0.68572,0.68592,1.37,1.12
2017.10.20 18:17:56.610,0.6857,0.6859,1.12,1.00
2017.10.20 18:17:56.662,0.6857,0.68588,1.12,1.00
2017.10.20 18:17:57.072,0.68572,0.6859,1.12,1.37
2017.10.20 18:17:57.225,0.68574,0.68594,1.12,1.87
2017.10.20 18:17:57.328,0.68575,0.68595,1.00,2.25
2017.10.20 18:17:57.380,0.68575,0.68593,1.00,1.50
2017.10.20 18:17:57.584,0.68572,0.68592,1.50,1.50
2017.10.20 18:17:58.120,0.68572,0.68592,1.00,2.25
2017.10.20 18:17:58.425,0.68569,0.68589,1.12,2.62
2017.10.20 18:17:58.941,0.6857,0.68588,1.00,1.37
2017.10.20 18:17:59.453,0.68571,0.68589,1.00,1.37
2017.10.20 18:17:59.524,0.68569,0.68589,1.12,1.37
2017.10.20 18:17:59.702,0.68571,0.68589,1.00,1.37
2017.10.20 18:18:00.168,0.68569,0.68588,1.12,1.37
2017.10.20 18:18:01.918,0.6857,0.68587,1.00,1.37
2017.10.20 18:18:02.122,0.6857,0.68589,1.00,2.25
2017.10.20 18:18:02.949,0.68569,0.68589,1.00,3.00
2017.10.20 18:18:08.713,0.68569,0.68588,1.00,1.75
2017.10.20 18:18:08.917,0.6857,0.6859,1.00,2.25
2017.10.20 18:18:10.729,0.68569,0.68589,1.00,2.25
2017.10.20 18:18:10.884,0.68572,0.68589,1.00,3.00
2017.10.20 18:18:11.139,0.68574,0.68591,1.00,1.37
2017.10.20 18:18:13.089,0.68573,0.68591,1.00,2.62
2017.10.20 18:18:13.242,0.68573,0.68591,1.00,2.62
2017.10.20 18:18:13.922,0.68573,0.68591,1.00,1.87
2017.10.20 18:18:15.728,0.68573,0.68591,1.00,1.00
2017.10.20 18:18:18.156,0.68573,0.68591,1.00,2.25
2017.10.20 18:18:20.284,0.68572,0.68591,1.12,1.50
2017.10.20 18:18:23.981,0.68571,0.6859,1.37,1.12
2017.10.20 18:18:24.498,0.68571,0.6859,1.37,1.00
2017.10.20 18:18:24.914,0.68569,0.68588,1.37,1.00
2017.10.20 18:18:25.438,0.68568,0.68587,1.37,1.00
2017.10.20 18:18:25.941,0.68569,0.68588,1.37,1.12
2017.10.20 18:18:26.543,0.68568,0.68587,1.37,1.00
2017.10.20 18:18:27.554,0.68567,0.68586,1.50,1.00
2017.10.20 18:18:28.525,0.68567,0.68584,1.37,1.00
2017.10.20 18:18:28.576,0.68568,0.68586,1.12,1.00
2017.10.20 18:18:28.776,0.68568,0.68587,1.50,1.37
2017.10.20 18:18:29.284,0.68569,0.68588,1.37,1.00
2017.10.20 18:18:29.335,0.68569,0.68586,1.37,1.00
2017.10.20 18:18:29.603,0.68569,0.68588,1.37,1.00
2017.10.20 18:18:30.156,0.6857,0.68587,1.37,1.00
2017.10.20 18:18:30.692,0.68569,0.68588,1.37,1.00
2017.10.20 18:18:30.743,0.68569,0.68588,1.12,1.00
2017.10.20 18:18:31.278,0.68569,0.68587,1.37,1.00
2017.10.20 18:18:32.302,0.6857,0.68588,1.12,1.00
2017.10.20 18:18:32.889,0.68569,0.68588,1.37,1.37
2017.10.20 18:18:32.940,0.68568,0.68585,1.37,1.00
2017.10.20 18:18:33.042,0.68568,0.68587,1.37,1.12
2017.10.20 18:18:33.586,0.68567,0.68586,1.37,1.00
2017.10.20 18:18:34.128,0.68569,0.68586,1.12,1.00
2017.10.20 18:18:35.123,0.68568,0.68587,1.37,1.12
2017.10.20 18:18:35.301,0.68571,0.68588,1.00,1.37
2017.10.20 18:18:35.403,0.68566,0.68586,1.50,1.00
2017.10.20 18:18:35.555,0.68567,0.68587,1.37,1.37
2017.10.20 18:18:35.982,0.68572,0.68589,1.00,1.37
2017.10.20 18:18:36.836,0.68571,0.6859,1.12,1.50
2017.10.20 18:18:37.014,0.68573,0.6859,1.00,1.37
2017.10.20 18:18:38.890,0.68568,0.68587,1.87,1.00
2017.10.20 18:18:38.941,0.68568,0.68587,1.87,1.00
2017.10.20 18:18:39.183,0.68566,0.68585,1.50,1.12
2017.10.20 18:18:39.487,0.68567,0.68586,1.12,1.87
2017.10.20 18:18:42.934,0.68565,0.68582,1.37,1.00
2017.10.20 18:18:43.036,0.68563,0.68582,1.00,1.37
2017.10.20 18:18:43.138,0.68565,0.68583,1.00,1.50
2017.10.20 18:18:43.739,0.68565,0.68584,1.12,1.37
2017.10.20 18:18:44.358,0.68566,0.68585,1.00,1.37
2017.10.20 18:18:44.460,0.68564,0.68583,1.12,1.37
2017.10.20 18:18:44.932,0.68566,0.68585,1.00,1.95
2017.10.20 18:18:45.134,0.68564,0.68583,1.12,1.37
2017.10.20 18:18:45.503,0.68567,0.68583,1.00,1.37
2017.10.20 18:18:46.260,0.68565,0.68581,1.00,1.00
2017.10.20 18:18:46.412,0.68562,0.68579,1.50,1.00
2017.10.20 18:18:46.558,0.68564,0.68581,1.00,1.87
2017.10.20 18:18:46.609,0.68564,0.68581,1.12,1.87
2017.10.20 18:18:46.710,0.68566,0.68584,1.00,1.37
2017.10.20 18:18:46.812,0.68567,0.68584,1.00,1.12
2017.10.20 18:18:47.376,0.68566,0.68585,1.00,1.37
2017.10.20 18:18:47.887,0.68567,0.68584,1.00,1.12
2017.10.20 18:18:49.011,0.68565,0.68584,1.12,1.00
2017.10.20 18:18:49.805,0.68564,0.68584,1.12,1.00
2017.10.20 18:18:49.856,0.68562,0.68581,1.87,1.00
2017.10.20 18:18:50.160,0.68562,0.68581,1.75,1.00
2017.10.20 18:18:51.199,0.68565,0.68582,1.37,1.12
2017.10.20 18:18:51.602,0.68564,0.68583,1.00,1.37
2017.10.20 18:18:52.108,0.68564,0.68583,1.37,1.50
2017.10.20 18:18:54.642,0.68564,0.68583,1.00,1.50
2017.10.20 18:18:54.693,0.68563,0.6858,1.12,1.00
2017.10.20 18:18:55.015,0.68565,0.68584,1.37,1.00
2017.10.20 18:18:55.352,0.68563,0.68582,1.50,1.37
2017.10.20 18:18:55.919,0.68563,0.68582,1.37,1.37
2017.10.20 18:18:58.282,0.68564,0.68583,1.37,1.37
2017.10.20 18:18:59.209,0.68565,0.68583,1.00,1.00
2017.10.20 18:19:00.141,0.68565,0.68582,1.00,1.00
2017.10.20 18:19:00.715,0.68565,0.68583,1.00,1.00
2017.10.20 18:19:01.309,0.68563,0.6858,1.00,1.00
2017.10.20 18:19:01.461,0.68558,0.68577,2.25,1.00
2017.10.20 18:19:03.723,0.68562,0.68578,1.00,1.00
2017.10.20 18:19:03.774,0.68562,0.68581,1.12,2.25
2017.10.20 18:19:03.825,0.68564,0.68581,1.00,1.00
2017.10.20 18:19:03.876,0.68562,0.68581,1.00,1.00
2017.10.20 18:19:03.927,0.68562,0.68579,1.00,1.00
2017.10.20 18:19:05.374,0.68562,0.68581,1.00,1.12
2017.10.20 18:19:05.985,0.68564,0.68581,1.00,1.00
2017.10.20 18:19:06.087,0.6856,0.68578,1.00,1.00
2017.10.20 18:19:06.686,0.68562,0.68578,1.00,1.12
2017.10.20 18:19:07.188,0.68562,0.68579,1.12,1.00
2017.10.20 18:19:07.710,0.68561,0.6858,1.12,1.12
2017.10.20 18:19:08.175,0.68556,0.68575,1.87,1.00
2017.10.20 18:19:08.509,0.68555,0.68572,1.37,1.00
2017.10.20 18:19:09.501,0.68553,0.68572,1.87,1.00
2017.10.20 18:19:09.743,0.68554,0.68572,1.37,1.00
2017.10.20 18:19:11.144,0.68555,0.68574,1.37,1.00
2017.10.20 18:19:11.662,0.68558,0.68575,1.00,1.00
2017.10.20 18:19:12.202,0.68558,0.68576,1.12,1.00
2017.10.20 18:19:13.124,0.68557,0.68576,1.37,1.00
2017.10.20 18:19:13.175,0.68559,0.68578,1.37,1.87
2017.10.20 18:19:13.327,0.68558,0.68577,1.37,1.37
2017.10.20 18:19:13.858,0.68559,0.68578,1.37,1.50
2017.10.20 18:19:14.314,0.68562,0.68579,1.00,1.00
2017.10.20 18:19:14.516,0.68557,0.68577,1.87,1.00
2017.10.20 18:19:15.062,0.68558,0.68576,1.37,1.00
2017.10.20 18:19:16.586,0.68557,0.68576,1.50,1.00
2017.10.20 18:19:17.467,0.68558,0.68577,1.12,1.00
2017.10.20 18:19:18.399,0.68559,0.68577,1.00,1.00
2017.10.20 18:19:19.530,0.68557,0.68575,1.50,1.00
2017.10.20 18:19:20.136,0.68555,0.68574,1.50,1.00
2017.10.20 18:19:20.509,0.68555,0.68574,1.50,1.00
2017.10.20 18:19:23.889,0.68555,0.68572,1.12,1.00
2017.10.20 18:19:26.139,0.68552,0.68571,1.50,1.00
2017.10.20 18:19:26.687,0.68551,0.6857,1.75,1.00
2017.10.20 18:19:30.310,0.68556,0.68572,1.37,1.12
2017.10.20 18:19:30.362,0.68557,0.68576,1.12,1.87
2017.10.20 18:19:30.464,0.68556,0.68574,1.37,1.00
2017.10.20 18:19:30.985,0.68554,0.68573,1.87,1.00
2017.10.20 18:19:31.546,0.68556,0.68573,1.00,1.00
2017.10.20 18:19:34.373,0.68554,0.68573,1.50,1.00
2017.10.20 18:19:35.101,0.68555,0.68574,1.12,1.12
2017.10.20 18:19:35.481,0.68555,0.68572,1.12,1.00
2017.10.20 18:19:38.619,0.68553,0.68572,1.50,1.00
2017.10.20 18:19:40.790,0.68554,0.68573,1.50,1.00
2017.10.20 18:19:41.244,0.68554,0.68573,1.37,1.00
2017.10.20 18:19:50.620,0.68555,0.68575,1.37,1.87
2017.10.20 18:19:52.569,0.68555,0.68575,1.37,1.87
2017.10.20 18:19:53.019,0.68552,0.68572,1.87,1.00
2017.10.20 18:19:53.644,0.68553,0.68573,1.50,1.00
2017.10.20 18:19:53.874,0.68556,0.68575,1.37,1.12
2017.10.20 18:19:53.975,0.68559,0.68576,1.00,1.87
2017.10.20 18:19:54.187,0.68557,0.68576,1.12,1.00
2017.10.20 18:19:54.830,0.68556,0.68575,1.12,1.12
2017.10.20 18:19:55.027,0.68554,0.68573,1.37,1.00
2017.10.20 18:19:55.219,0.68548,0.68567,1.50,1.00
2017.10.20 18:19:55.772,0.68547,0.68566,1.37,1.00
2017.10.20 18:19:55.975,0.68552,0.68569,1.00,3.00
2017.10.20 18:19:56.130,0.68552,0.68569,1.12,1.50
2017.10.20 18:19:56.181,0.68552,0.68571,1.12,1.00
2017.10.20 18:19:56.812,0.68552,0.68571,1.37,1.00
2017.10.20 18:19:57.139,0.68553,0.68572,1.37,1.12
2017.10.20 18:19:57.449,0.68555,0.68572,1.37,1.12
2017.10.20 18:19:57.726,0.68555,0.68572,1.12,1.00
2017.10.20 18:19:58.740,0.68553,0.6857,1.12,1.00
2017.10.20 18:19:59.312,0.6855,0.68569,1.87,1.00
2017.10.20 18:20:00.131,0.68549,0.68568,1.37,1.00
2017.10.20 18:20:00.464,0.68556,0.68572,1.00,1.87
2017.10.20 18:20:00.566,0.68558,0.68577,1.12,1.37
2017.10.20 18:20:00.618,0.68558,0.68577,1.12,1.12
2017.10.20 18:20:01.125,0.68557,0.68576,1.37,1.00
2017.10.20 18:20:01.845,0.68559,0.68576,1.12,1.00
2017.10.20 18:20:01.896,0.68557,0.68574,1.37,1.00
2017.10.20 18:20:01.998,0.68554,0.68573,1.75,1.00
2017.10.20 18:20:02.512,0.68553,0.68572,1.37,1.00
2017.10.20 18:20:03.346,0.68552,0.68571,1.37,1.00
2017.10.20 18:20:03.968,0.68552,0.6857,1.37,1.00
2017.10.20 18:20:05.535,0.6855,0.68569,1.37,1.00
2017.10.20 18:20:05.586,0.68546,0.68565,2.25,1.00
2017.10.20 18:20:05.688,0.68545,0.68562,1.75,1.00
2017.10.20 18:20:05.740,0.68544,0.68563,1.37,1.12
2017.10.20 18:20:06.109,0.68544,0.68563,1.12,1.12
2017.10.20 18:20:06.854,0.68545,0.68564,1.00,1.50
2017.10.20 18:20:07.464,0.68546,0.68565,1.00,2.25
2017.10.20 18:20:10.982,0.68544,0.68563,1.00,1.12
2017.10.20 18:20:11.084,0.68544,0.68563,1.00,1.37
2017.10.20 18:20:12.964,0.68543,0.68563,1.50,1.37
2017.10.20 18:20:19.136,0.68544,0.68561,1.00,1.12
2017.10.20 18:20:19.792,0.68543,0.68563,1.12,1.37
2017.10.20 18:20:19.907,0.68541,0.6856,1.12,1.00
2017.10.20 18:20:19.958,0.68538,0.68555,1.75,1.00
2017.10.20 18:20:20.110,0.68535,0.68552,1.00,1.37
2017.10.20 18:20:20.161,0.68537,0.68556,1.00,1.50
2017.10.20 18:20:20.212,0.68537,0.68556,1.00,1.50
2017.10.20 18:20:20.315,0.68537,0.68556,1.00,1.12
2017.10.20 18:20:20.416,0.68537,0.68556,1.37,1.12
2017.10.20 18:20:20.841,0.68535,0.68554,1.87,1.00
2017.10.20 18:20:21.544,0.68535,0.68552,1.12,1.00
2017.10.20 18:20:22.443,0.68535,0.68553,1.00,1.12
2017.10.20 18:20:22.984,0.68534,0.68555,1.00,3.75
2017.10.20 18:20:23.756,0.68535,0.68555,1.00,2.25
2017.10.20 18:20:34.789,0.68535,0.68554,1.00,1.37
2017.10.20 18:20:35.625,0.68536,0.68554,1.00,1.37
2017.10.20 18:20:41.959,0.68542,0.68558,1.00,1.75
2017.10.20 18:20:42.010,0.68543,0.68558,1.12,1.75
2017.10.20 18:20:42.112,0.68544,0.68564,1.00,3.37
2017.10.20 18:20:42.213,0.68544,0.68563,1.00,1.12
2017.10.20 18:20:47.058,0.68545,0.68565,1.00,1.37
2017.10.20 18:20:47.109,0.68546,0.68565,1.37,1.37
2017.10.20 18:20:47.617,0.68546,0.68566,1.37,1.37
2017.10.20 18:20:48.099,0.68546,0.68565,1.00,1.50
2017.10.20 18:20:48.251,0.68544,0.68565,1.12,2.25
2017.10.20 18:20:48.848,0.68544,0.68565,1.50,2.25
2017.10.20 18:20:49.597,0.68544,0.68565,1.12,2.25
2017.10.20 18:20:50.650,0.68545,0.68565,1.00,1.75
2017.10.20 18:20:51.366,0.68541,0.6856,1.00,1.00
2017.10.20 18:20:51.519,0.6854,0.6856,1.00,1.87
2017.10.20 18:20:52.109,0.6854,0.6856,1.37,1.87
2017.10.20 18:20:55.101,0.68538,0.68558,1.37,1.12
2017.10.20 18:20:56.368,0.68538,0.68559,1.12,1.87
2017.10.20 18:20:56.927,0.68539,0.68559,1.12,1.87
2017.10.20 18:21:04.475,0.68539,0.68557,1.37,1.87
2017.10.20 18:21:05.177,0.68539,0.68556,1.12,1.37
2017.10.20 18:21:10.815,0.68537,0.68557,1.37,1.37
2017.10.20 18:21:11.216,0.68544,0.68562,1.00,1.87
2017.10.20 18:21:11.976,0.68544,0.68563,1.00,1.50
2017.10.20 18:21:12.694,0.68544,0.68563,1.00,1.50
2017.10.20 18:21:15.028,0.68545,0.68563,1.00,1.00
2017.10.20 18:21:17.723,0.68546,0.68563,1.00,1.00
2017.10.20 18:21:18.510,0.68546,0.68564,1.00,1.75
2017.10.20 18:21:26.030,0.68544,0.68565,1.00,3.75
2017.10.20 18:21:26.592,0.68545,0.68565,1.00,3.75
2017.10.20 18:21:28.367,0.68544,0.68565,1.12,3.75
2017.10.20 18:21:29.028,0.68545,0.68563,1.00,1.37
2017.10.20 18:21:34.825,0.68545,0.68565,1.00,2.25
2017.10.20 18:21:35.708,0.68548,0.68566,1.00,2.25
2017.10.20 18:21:35.860,0.6855,0.6857,1.12,2.25
2017.10.20 18:21:35.911,0.68548,0.68568,1.37,2.62
2017.10.20 18:21:35.962,0.68548,0.68567,1.00,1.37
2017.10.20 18:21:41.217,0.6855,0.68568,1.00,1.87
2017.10.20 18:21:41.268,0.68548,0.68568,1.12,1.87
2017.10.20 18:21:43.089,0.6855,0.68568,1.00,1.87
2017.10.20 18:21:44.372,0.68551,0.68571,1.00,2.25
2017.10.20 18:21:44.423,0.68551,0.68571,1.00,2.25
2017.10.20 18:21:45.878,0.68547,0.68567,1.37,1.00
2017.10.20 18:21:45.930,0.68546,0.68567,1.37,1.37
2017.10.20 18:21:46.031,0.68547,0.68566,1.12,2.25
2017.10.20 18:21:46.534,0.68546,0.68566,1.00,2.25
2017.10.20 18:21:48.721,0.6855,0.68568,1.00,1.75
2017.10.20 18:21:48.772,0.6855,0.68568,1.00,1.75
2017.10.20 18:21:48.877,0.6855,0.68569,1.00,2.25
2017.10.20 18:21:49.714,0.68548,0.68566,1.00,1.37
2017.10.20 18:21:49.964,0.68543,0.68564,1.37,1.37
2017.10.20 18:21:50.494,0.68543,0.68563,1.37,1.12
2017.10.20 18:21:50.747,0.68542,0.68563,1.37,1.87
2017.10.20 18:21:51.428,0.68543,0.68564,1.37,1.37
2017.10.20 18:21:51.581,0.68543,0.68564,1.37,1.37
2017.10.20 18:21:51.697,0.68545,0.68564,1.37,1.37
2017.10.20 18:21:51.922,0.68545,0.68563,1.00,1.12
2017.10.20 18:21:52.075,0.68543,0.68562,1.37,1.37
2017.10.20 18:21:52.635,0.68543,0.68562,1.00,1.37
2017.10.20 18:21:53.316,0.68544,0.68564,1.00,3.75
2017.10.20 18:21:53.592,0.68542,0.6856,1.00,1.00
2017.10.20 18:21:54.203,0.68542,0.68563,1.37,2.25
2017.10.20 18:21:55.142,0.68542,0.68561,1.12,1.50
2017.10.20 18:21:58.934,0.68541,0.68561,1.00,1.37
2017.10.20 18:21:58.985,0.6854,0.68561,1.12,1.37
2017.10.20 18:21:59.544,0.68541,0.6856,1.00,1.37
2017.10.20 18:22:03.679,0.68539,0.68557,1.12,1.00
2017.10.20 18:22:04.234,0.68538,0.68558,1.12,1.37
2017.10.20 18:22:04.437,0.6854,0.68558,1.00,1.37
2017.10.20 18:22:05.230,0.68539,0.68558,1.00,1.37
2017.10.20 18:22:05.471,0.68539,0.6856,1.12,1.50
2017.10.20 18:22:06.439,0.68541,0.68559,1.12,1.12
2017.10.20 18:22:06.982,0.68541,0.68562,1.12,1.50
2017.10.20 18:22:07.488,0.68542,0.68563,1.37,2.62
2017.10.20 18:22:07.691,0.68541,0.68564,1.50,2.25
2017.10.20 18:22:09.636,0.68543,0.68563,1.37,1.37
2017.10.20 18:22:12.006,0.68543,0.68564,1.12,1.37
2017.10.20 18:22:12.057,0.68544,0.68565,1.37,1.37
2017.10.20 18:22:12.108,0.68543,0.68564,1.37,1.00
2017.10.20 18:22:12.808,0.68543,0.68564,1.50,1.00
2017.10.20 18:22:13.484,0.68544,0.68565,1.50,1.50
2017.10.20 18:22:13.674,0.68543,0.68564,2.25,1.50
2017.10.20 18:22:14.247,0.68543,0.68564,2.25,1.50
2017.10.20 18:22:17.028,0.68543,0.68564,1.87,1.75
2017.10.20 18:22:17.576,0.68543,0.68564,1.87,1.75
2017.10.20 18:22:18.243,0.68541,0.68562,1.00,1.75
2017.10.20 18:22:18.389,0.68548,0.68568,1.00,2.25
2017.10.20 18:22:18.592,0.68551,0.68572,1.12,1.50
2017.10.20 18:22:18.918,0.68551,0.68572,1.37,1.50
2017.10.20 18:22:19.557,0.68553,0.68574,1.00,1.50
2017.10.20 18:22:23.701,0.68553,0.68574,1.00,1.50
2017.10.20 18:22:24.188,0.68551,0.68572,1.00,1.50
2017.10.20 18:22:25.085,0.6855,0.68571,1.50,1.37
2017.10.20 18:22:25.389,0.68554,0.68575,1.12,1.50
2017.10.20 18:22:26.945,0.68552,0.68573,1.37,1.37
2017.10.20 18:22:27.491,0.68552,0.68573,1.00,1.50
2017.10.20 18:22:30.001,0.68553,0.68574,1.00,2.25
2017.10.20 18:22:30.130,0.68552,0.68574,1.37,1.75
2017.10.20 18:22:30.858,0.68552,0.68573,1.87,1.00
2017.10.20 18:22:33.006,0.68554,0.68573,1.00,1.50
2017.10.20 18:22:33.525,0.68555,0.68574,1.00,1.50
2017.10.20 18:22:34.899,0.68555,0.68574,1.00,1.50
2017.10.20 18:22:35.203,0.68553,0.68572,1.00,1.00
2017.10.20 18:22:41.598,0.6855,0.68571,1.12,2.25
2017.10.20 18:22:41.877,0.68553,0.68573,1.00,1.75
2017.10.20 18:22:42.432,0.68552,0.68571,1.37,1.00
2017.10.20 18:22:43.032,0.68553,0.68573,1.37,1.37
2017.10.20 18:22:46.801,0.68552,0.68571,1.12,1.50
2017.10.20 18:22:46.853,0.68554,0.68571,1.00,1.50
2017.10.20 18:22:47.111,0.68552,0.68574,1.12,1.75
2017.10.20 18:22:47.314,0.68552,0.68573,1.37,1.75
2017.10.20 18:22:47.820,0.68555,0.68573,1.12,1.37
2017.10.20 18:22:48.340,0.68553,0.68573,1.37,1.37
2017.10.20 18:22:48.436,0.68553,0.68573,1.37,1.00
2017.10.20 18:22:49.121,0.68555,0.68575,1.37,1.37
2017.10.20 18:22:49.584,0.6856,0.68577,1.00,1.87
2017.10.20 18:22:49.635,0.6856,0.68581,1.00,2.62
2017.10.20 18:22:49.940,0.68561,0.68581,1.37,1.50
2017.10.20 18:22:52.156,0.68558,0.68581,1.37,1.37
2017.10.20 18:22:52.375,0.68555,0.68575,1.37,1.12
2017.10.20 18:22:55.179,0.68554,0.68574,1.37,1.12
2017.10.20 18:22:56.260,0.68554,0.68573,1.37,1.00
2017.10.20 18:22:57.170,0.68554,0.68573,1.37,1.00
2017.10.20 18:22:58.270,0.68554,0.68574,1.37,1.12
2017.10.20 18:23:01.919,0.68558,0.68574,1.37,1.12
2017.10.20 18:23:01.971,0.68558,0.68577,1.37,1.87
2017.10.20 18:23:02.023,0.68557,0.68576,1.12,1.12
2017.10.20 18:23:02.177,0.68554,0.68574,1.75,1.00
2017.10.20 18:23:02.768,0.68554,0.68574,1.37,1.37
2017.10.20 18:23:03.779,0.68554,0.68574,1.37,1.37
2017.10.20 18:23:04.429,0.68554,0.68574,1.37,1.37
2017.10.20 18:23:04.692,0.68554,0.68574,1.37,1.37
2017.10.20 18:23:07.826,0.68556,0.68574,1.37,1.37
2017.10.20 18:23:07.983,0.68556,0.68577,1.37,3.75
2017.10.20 18:23:08.484,0.68556,0.68575,1.37,1.87
2017.10.20 18:23:11.136,0.68553,0.68574,1.37,1.37
2017.10.20 18:23:11.663,0.68553,0.68574,1.37,1.37
2017.10.20 18:23:14.193,0.68552,0.68573,1.37,1.37
2017.10.20 18:23:15.432,0.68552,0.68573,1.37,1.37
2017.10.20 18:23:23.224,0.68552,0.68571,1.37,1.00
2017.10.20 18:23:23.971,0.68552,0.68573,1.37,1.87
2017.10.20 18:23:25.465,0.68552,0.68573,1.37,1.87
2017.10.20 18:23:26.845,0.68552,0.68572,1.37,1.50
2017.10.20 18:23:26.947,0.68551,0.68572,1.37,1.50
2017.10.20 18:23:27.257,0.68548,0.68569,1.37,1.37
2017.10.20 18:23:27.830,0.68549,0.68569,1.37,1.87
2017.10.20 18:23:27.993,0.68547,0.68568,1.37,1.37
2017.10.20 18:23:28.096,0.68546,0.68567,1.37,1.50
2017.10.20 18:23:28.147,0.68545,0.68566,1.37,1.37
2017.10.20 18:23:28.249,0.68545,0.68565,1.12,1.00
2017.10.20 18:23:28.300,0.68545,0.68566,1.12,1.75
2017.10.20 18:23:31.998,0.68545,0.68566,1.37,1.50
2017.10.20 18:23:32.309,0.68551,0.68569,1.37,1.50
2017.10.20 18:23:32.412,0.68551,0.6857,1.37,1.50
2017.10.20 18:23:32.940,0.68553,0.6857,1.00,1.37
2017.10.20 18:23:33.193,0.68553,0.68574,1.37,1.50
2017.10.20 18:23:33.397,0.68553,0.68574,1.37,1.37
2017.10.20 18:23:33.945,0.68554,0.68575,1.37,1.50
2017.10.20 18:23:35.561,0.68555,0.68576,1.37,1.37
2017.10.20 18:23:37.656,0.68555,0.68576,1.37,1.50
2017.10.20 18:23:38.164,0.68555,0.68574,1.37,1.37
2017.10.20 18:23:47.668,0.68555,0.68576,1.37,1.12
2017.10.20 18:23:48.319,0.68554,0.68573,1.50,1.00
2017.10.20 18:23:53.994,0.6856,0.68577,1.12,1.87
2017.10.20 18:23:54.146,0.6856,0.68581,1.12,1.75
2017.10.20 18:23:54.726,0.68559,0.68579,1.50,1.00
2017.10.20 18:23:54.878,0.68559,0.6858,1.12,1.75
2017.10.20 18:24:01.463,0.68558,0.6858,1.12,1.75
2017.10.20 18:24:01.787,0.68558,0.68579,1.12,3.00
2017.10.20 18:24:04.877,0.68558,0.68579,1.37,2.25
2017.10.20 18:24:05.811,0.68558,0.68579,1.37,2.25
2017.10.20 18:24:06.454,0.68556,0.68578,1.37,1.75
2017.10.20 18:24:06.583,0.68557,0.68578,1.37,1.37
2017.10.20 18:24:06.788,0.68559,0.68581,1.50,3.37
2017.10.20 18:24:07.093,0.68561,0.6858,1.37,1.00
2017.10.20 18:24:07.241,0.68562,0.68582,1.37,1.37
2017.10.20 18:24:07.393,0.68562,0.68581,1.37,1.00
2017.10.20 18:24:07.504,0.68562,0.68582,1.37,1.37
2017.10.20 18:24:07.606,0.68563,0.68584,1.37,2.25
2017.10.20 18:24:07.869,0.68562,0.6858,1.50,1.00
2017.10.20 18:24:07.920,0.68559,0.6858,1.37,2.25
2017.10.20 18:24:08.716,0.68559,0.6858,1.50,2.25
2017.10.20 18:24:08.768,0.68559,0.6858,1.87,1.75
2017.10.20 18:24:08.819,0.68561,0.6858,1.12,1.50
2017.10.20 18:24:08.920,0.68559,0.68579,1.12,1.87
2017.10.20 18:24:09.023,0.68557,0.68577,1.12,1.00
2017.10.20 18:24:09.525,0.68557,0.68576,1.12,1.37
2017.10.20 18:24:10.210,0.68557,0.68576,1.00,1.00
2017.10.20 18:24:10.445,0.68554,0.68575,2.25,1.37
2017.10.20 18:24:11.127,0.68555,0.68575,1.00,1.50
2017.10.20 18:24:11.630,0.68555,0.68576,2.25,1.37
2017.10.20 18:24:12.599,0.68556,0.68575,1.00,1.00
2017.10.20 18:24:13.178,0.68557,0.68577,1.12,1.37
2017.10.20 18:24:13.726,0.68557,0.68576,1.00,1.12
2017.10.20 18:24:14.661,0.68559,0.6858,1.37,1.50
2017.10.20 18:24:14.712,0.6856,0.6858,1.12,1.50
2017.10.20 18:24:14.813,0.68563,0.68582,1.00,2.25
2017.10.20 18:24:15.357,0.68562,0.68583,1.12,1.75
2017.10.20 18:24:16.327,0.68558,0.68576,1.50,1.00
2017.10.20 18:24:16.429,0.68558,0.68577,1.00,1.50
2017.10.20 18:24:17.801,0.68557,0.68576,1.50,1.00
2017.10.20 18:24:18.380,0.68559,0.68577,1.00,1.00
2017.10.20 18:24:18.684,0.6856,0.68579,1.37,1.00
2017.10.20 18:24:20.556,0.68558,0.68578,1.37,1.37
2017.10.20 18:24:20.607,0.68557,0.68576,1.12,1.00
2017.10.20 18:24:20.658,0.68555,0.68574,1.75,1.00
2017.10.20 18:24:23.157,0.68557,0.68577,1.12,1.00
2017.10.20 18:24:23.208,0.68557,0.68575,1.00,1.00
2017.10.20 18:24:23.739,0.68559,0.68578,1.50,1.00
2017.10.20 18:24:24.191,0.68558,0.68577,1.00,1.37
2017.10.20 18:24:24.293,0.68558,0.68579,1.00,1.87
2017.10.20 18:24:24.344,0.68557,0.68579,1.37,1.75
2017.10.20 18:24:24.663,0.68561,0.6858,1.12,1.37
2017.10.20 18:24:25.169,0.68559,0.68579,1.37,1.37
2017.10.20 18:24:25.701,0.68559,0.68579,1.50,1.37
2017.10.20 18:24:27.862,0.68559,0.68578,1.00,1.37
2017.10.20 18:24:28.503,0.68558,0.68576,1.00,1.37
2017.10.20 18:24:28.794,0.68559,0.68577,1.00,1.00
2017.10.20 18:24:29.493,0.68559,0.68578,1.00,1.50
2017.10.20 18:24:30.154,0.68559,0.68578,1.00,1.37
2017.10.20 18:24:31.833,0.68559,0.68578,1.12,1.00
2017.10.20 18:24:32.502,0.6856,0.68578,1.00,1.00
2017.10.20 18:24:33.038,0.68561,0.68578,1.00,1.00
2017.10.20 18:24:33.190,0.68561,0.68581,1.00,1.50
2017.10.20 18:24:33.823,0.68562,0.68582,1.00,1.75
2017.10.20 18:24:34.482,0.68562,0.68581,1.50,1.00
2017.10.20 18:24:39.080,0.68562,0.68583,1.50,1.50
2017.10.20 18:24:44.863,0.68561,0.68582,1.50,1.37
2017.10.20 18:24:45.393,0.68562,0.68582,1.00,1.50
2017.10.20 18:24:49.595,0.6856,0.68579,1.50,1.00
2017.10.20 18:24:49.646,0.68561,0.68582,1.12,2.25
2017.10.20 18:24:49.697,0.68561,0.68579,1.87,1.00
2017.10.20 18:24:50.000,0.68562,0.68582,1.12,1.50
2017.10.20 18:24:54.933,0.68564,0.68582,1.00,1.12
2017.10.20 18:24:57.965,0.68562,0.68583,1.37,1.50
2017.10.20 18:24:59.223,0.68562,0.68582,1.87,1.12
2017.10.20 18:25:00.365,0.68566,0.68585,1.00,1.75
2017.10.20 18:25:00.737,0.68568,0.68588,1.37,1.37
2017.10.20 18:25:00.896,0.68568,0.68583,1.00,1.00
2017.10.20 18:25:00.998,0.68564,0.68583,1.00,1.12
2017.10.20 18:25:01.605,0.68563,0.68583,1.12,1.50
2017.10.20 18:25:02.968,0.68563,0.68583,1.37,1.50
2017.10.20 18:25:03.426,0.68566,0.68584,1.50,1.00
2017.10.20 18:25:03.992,0.68566,0.68586,1.50,1.50
2017.10.20 18:25:04.648,0.68567,0.68585,1.37,1.00
2017.10.20 18:25:06.069,0.68567,0.68589,1.37,1.50
2017.10.20 18:25:06.517,0.68568,0.68589,1.12,1.37
2017.10.20 18:25:06.568,0.6857,0.6859,1.00,1.37
2017.10.20 18:25:06.890,0.6857,0.6859,1.00,1.12
2017.10.20 18:25:07.666,0.6857,0.68591,1.37,1.37
2017.10.20 18:25:08.274,0.68572,0.68592,1.00,1.50
2017.10.20 18:25:09.254,0.68573,0.68594,1.00,1.50
2017.10.20 18:25:10.236,0.68573,0.68594,1.00,1.50
2017.10.20 18:25:13.612,0.68574,0.68592,1.00,1.37
2017.10.20 18:25:14.123,0.68573,0.68594,1.00,1.50
2017.10.20 18:25:15.543,0.68574,0.68594,1.00,1.00
2017.10.20 18:25:17.633,0.68575,0.68593,1.00,1.00
2017.10.20 18:25:20.635,0.68574,0.68594,1.00,1.00
2017.10.20 18:25:21.350,0.68575,0.68594,1.00,1.50
2017.10.20 18:25:22.351,0.68576,0.68597,1.00,1.75
2017.10.20 18:25:22.452,0.68576,0.68597,1.12,1.50
2017.10.20 18:25:23.035,0.68577,0.68597,1.00,1.12
2017.10.20 18:25:23.137,0.68578,0.68599,1.50,1.50
2017.10.20 18:25:23.971,0.6858,0.68598,1.00,1.12
2017.10.20 18:25:25.019,0.68579,0.68599,1.12,1.00
2017.10.20 18:25:26.209,0.6858,0.68598,1.00,1.12
2017.10.20 18:25:27.003,0.68579,0.68598,1.12,1.12
2017.10.20 18:25:28.177,0.68577,0.68598,1.00,1.50
2017.10.20 18:25:28.231,0.68574,0.68595,3.00,1.00
2017.10.20 18:25:28.728,0.68576,0.68595,1.00,1.50
2017.10.20 18:25:31.244,0.68576,0.68595,1.00,1.50
2017.10.20 18:25:31.296,0.68578,0.68595,1.00,1.00
2017.10.20 18:25:31.628,0.6858,0.68601,1.00,1.75
2017.10.20 18:25:32.999,0.68578,0.68596,1.12,1.00
2017.10.20 18:25:33.050,0.68577,0.68598,1.50,1.37
2017.10.20 18:25:33.253,0.68578,0.68599,1.50,1.50
2017.10.20 18:25:33.483,0.68578,0.68597,1.00,1.37
2017.10.20 18:25:33.681,0.68573,0.68593,1.50,1.12
2017.10.20 18:25:34.569,0.68573,0.68593,1.50,1.12
2017.10.20 18:25:35.327,0.68575,0.68596,1.00,1.75
2017.10.20 18:25:35.480,0.68578,0.68597,1.00,1.12
2017.10.20 18:25:36.036,0.68578,0.68598,1.12,1.00
2017.10.20 18:25:36.597,0.68579,0.68598,1.50,1.00
2017.10.20 18:25:42.897,0.6858,0.686,1.12,1.37
2017.10.20 18:25:44.382,0.68579,0.68598,1.12,1.00
2017.10.20 18:25:44.581,0.68581,0.68599,1.00,1.12
2017.10.20 18:25:49.594,0.6858,0.68599,1.12,1.12
2017.10.20 18:25:51.653,0.6858,0.686,1.00,1.87
2017.10.20 18:25:52.272,0.68579,0.68599,1.50,1.87
2017.10.20 18:25:52.929,0.68579,0.68599,1.12,1.87
2017.10.20 18:25:53.968,0.6858,0.68599,1.00,1.12
2017.10.20 18:25:54.220,0.68578,0.68598,1.37,1.37
2017.10.20 18:25:54.322,0.68577,0.68597,1.12,1.50
2017.10.20 18:25:55.403,0.68576,0.68595,1.50,1.00
2017.10.20 18:25:55.757,0.68574,0.68595,1.37,1.50
2017.10.20 18:25:55.809,0.68574,0.68595,1.37,1.87
2017.10.20 18:25:56.691,0.68575,0.68595,1.00,1.50
2017.10.20 18:25:57.231,0.68575,0.68596,1.50,2.25
2017.10.20 18:25:57.655,0.68578,0.68596,1.00,1.00
2017.10.20 18:25:58.127,0.68579,0.68599,1.50,1.50
2017.10.20 18:26:04.743,0.6858,0.686,1.00,1.87
2017.10.20 18:26:09.305,0.68581,0.68599,1.72,1.00
2017.10.20 18:26:09.356,0.68585,0.68599,1.00,1.00
2017.10.20 18:26:09.407,0.68584,0.68604,1.00,2.25
2017.10.20 18:26:09.509,0.68582,0.68601,1.00,1.00
2017.10.20 18:26:09.681,0.68581,0.68601,1.37,1.37
2017.10.20 18:26:10.218,0.68582,0.68602,1.00,1.50
2017.10.20 18:26:10.805,0.68581,0.68602,1.00,1.50
2017.10.20 18:26:13.877,0.68581,0.68602,1.00,1.50
2017.10.20 18:26:14.509,0.68582,0.68602,1.00,1.50
2017.10.20 18:26:15.619,0.68582,0.68602,1.00,1.50
2017.10.20 18:26:16.132,0.68581,0.68601,1.00,1.37
2017.10.20 18:26:16.185,0.68579,0.68598,1.00,1.37
2017.10.20 18:26:16.736,0.68577,0.68597,1.37,1.87
2017.10.20 18:26:17.252,0.6858,0.68599,1.00,1.37
2017.10.20 18:26:17.868,0.6858,0.686,1.37,1.37
2017.10.20 18:26:18.648,0.68579,0.68598,1.00,1.37
2017.10.20 18:26:19.194,0.68579,0.68598,1.00,1.37
2017.10.20 18:26:21.288,0.68578,0.68598,1.12,1.87
2017.10.20 18:26:22.346,0.68578,0.68598,1.12,1.87
2017.10.20 18:26:26.754,0.68576,0.68598,1.12,2.25
2017.10.20 18:26:31.559,0.68575,0.68594,1.12,1.37
2017.10.20 18:26:32.884,0.68575,0.68594,1.12,1.00
2017.10.20 18:26:34.882,0.68577,0.68595,1.00,1.50
2017.10.20 18:26:35.184,0.68581,0.686,1.00,2.25
2017.10.20 18:26:35.285,0.68581,0.686,1.00,1.87
2017.10.20 18:26:36.660,0.6858,0.686,1.12,1.00
2017.10.20 18:26:36.762,0.68579,0.68599,1.50,1.50
2017.10.20 18:26:37.066,0.68579,0.68602,1.75,1.75
2017.10.20 18:26:37.315,0.68583,0.68604,1.37,2.25
2017.10.20 18:26:37.821,0.68581,0.68602,1.75,1.37
2017.10.20 18:26:37.974,0.68586,0.68605,1.00,2.25
2017.10.20 18:26:38.075,0.68586,0.68606,1.50,1.87
2017.10.20 18:26:38.177,0.68588,0.68606,1.12,1.37
2017.10.20 18:26:38.718,0.68587,0.68606,1.00,1.12
2017.10.20 18:26:39.235,0.68586,0.68605,1.00,1.00
2017.10.20 18:26:39.549,0.68581,0.68602,1.00,1.50
2017.10.20 18:26:40.305,0.68581,0.68603,1.00,2.25
2017.10.20 18:26:40.628,0.68581,0.68602,1.37,1.00
2017.10.20 18:26:40.848,0.6858,0.68603,1.00,2.25
2017.10.20 18:26:41.371,0.68579,0.68603,1.50,2.25
2017.10.20 18:26:44.394,0.6858,0.68603,1.50,2.25
2017.10.20 18:26:45.385,0.68581,0.68602,1.00,1.50
2017.10.20 18:26:46.188,0.6858,0.68602,1.50,1.50
2017.10.20 18:26:47.089,0.68581,0.686,1.00,1.37
2017.10.20 18:26:47.902,0.6858,0.686,1.00,1.37
2017.10.20 18:26:48.054,0.68579,0.686,1.50,1.12
2017.10.20 18:26:48.600,0.6858,0.686,1.00,1.12
2017.10.20 18:26:49.347,0.68579,0.686,1.50,1.12
2017.10.20 18:26:50.296,0.68579,0.686,1.50,1.00
2017.10.20 18:26:50.659,0.68584,0.68605,1.12,1.37
2017.10.20 18:26:51.296,0.68584,0.68605,1.12,1.37
2017.10.20 18:26:51.810,0.68585,0.68606,1.00,1.50
2017.10.20 18:26:52.756,0.68585,0.68606,1.00,1.50
2017.10.20 18:26:52.858,0.68585,0.68605,1.00,1.37
2017.10.20 18:26:53.322,0.68585,0.68605,1.00,1.37
2017.10.20 18:26:54.347,0.68585,0.68605,1.00,1.37
2017.10.20 18:26:54.598,0.68589,0.68608,1.00,1.50
2017.10.20 18:26:54.853,0.68586,0.68605,1.37,1.12
2017.10.20 18:26:54.904,0.68584,0.68605,1.50,1.12
2017.10.20 18:26:56.003,0.68583,0.68603,1.87,1.12
2017.10.20 18:26:56.540,0.68584,0.68604,1.12,1.37
2017.10.20 18:26:56.795,0.68583,0.68605,1.37,1.50
2017.10.20 18:26:57.122,0.68585,0.68603,1.00,1.00
2017.10.20 18:26:57.724,0.68583,0.68604,1.37,1.00
2017.10.20 18:26:58.159,0.68583,0.68604,1.37,1.00
2017.10.20 18:26:58.669,0.68584,0.68605,1.37,2.25
2017.10.20 18:26:58.860,0.68584,0.68604,1.12,1.00
2017.10.20 18:27:00.496,0.68584,0.68605,1.37,1.87
2017.10.20 18:27:00.547,0.68585,0.68603,1.12,1.00
2017.10.20 18:27:00.648,0.68583,0.68604,1.12,3.00
2017.10.20 18:27:00.699,0.68583,0.68604,1.12,3.00
2017.10.20 18:27:02.365,0.68583,0.68604,1.37,2.62
2017.10.20 18:27:02.416,0.68583,0.68604,1.50,1.37
2017.10.20 18:27:02.923,0.68582,0.68602,1.75,1.00
2017.10.20 18:27:06.370,0.68583,0.68603,1.50,1.50
2017.10.20 18:27:09.511,0.68583,0.68602,1.50,1.00
2017.10.20 18:27:11.204,0.68584,0.68603,1.12,1.00
2017.10.20 18:27:15.708,0.68584,0.68605,1.37,1.37
2017.10.20 18:27:16.257,0.68586,0.68604,1.00,1.37
2017.10.20 18:27:16.863,0.68584,0.68605,1.37,1.37
2017.10.20 18:27:18.929,0.68585,0.68606,1.37,2.25
2017.10.20 18:27:20.203,0.68587,0.68606,1.37,1.37
2017.10.20 18:27:20.254,0.68587,0.68608,1.37,2.25
2017.10.20 18:27:20.939,0.68587,0.68608,1.12,2.25
2017.10.20 18:27:21.088,0.68589,0.68608,1.00,1.50
2017.10.20 18:27:21.600,0.68588,0.68608,1.00,1.50
2017.10.20 18:27:21.910,0.68583,0.68601,1.50,1.00
2017.10.20 18:27:21.961,0.68582,0.68603,1.37,1.12
2017.10.20 18:27:22.063,0.68582,0.68603,1.37,2.25
2017.10.20 18:27:22.431,0.68585,0.68606,1.12,1.50
2017.10.20 18:27:22.985,0.68585,0.68606,1.37,1.37
2017.10.20 18:27:23.660,0.68587,0.68608,1.00,1.75
2017.10.20 18:27:24.182,0.68587,0.68606,1.37,1.00
2017.10.20 18:27:24.284,0.68585,0.68607,1.50,1.50
2017.10.20 18:27:25.013,0.68585,0.68607,1.50,1.50
2017.10.20 18:27:29.223,0.68583,0.68603,1.75,1.00
2017.10.20 18:27:29.325,0.68582,0.68604,1.75,1.37
2017.10.20 18:27:29.592,0.68582,0.68601,1.50,1.00
2017.10.20 18:27:29.643,0.68581,0.68601,1.50,1.12
2017.10.20 18:27:32.627,0.6858,0.686,1.75,1.00
2017.10.20 18:27:33.171,0.68582,0.68602,1.00,1.50
2017.10.20 18:27:33.674,0.68581,0.68602,1.37,1.37
2017.10.20 18:27:34.034,0.68581,0.68601,1.00,1.12
2017.10.20 18:27:34.481,0.68582,0.68601,1.37,1.00
2017.10.20 18:27:39.664,0.68581,0.68602,1.37,1.75
2017.10.20 18:27:40.184,0.68581,0.68602,1.50,1.37
2017.10.20 18:27:49.863,0.68582,0.68602,1.37,1.37
2017.10.20 18:27:50.116,0.68582,0.68604,1.37,1.50
2017.10.20 18:27:53.035,0.6858,0.68601,1.75,1.00
2017.10.20 18:27:57.864,0.68583,0.68603,1.00,1.50
2017.10.20 18:27:57.915,0.68583,0.68603,1.50,1.00
2017.10.20 18:27:58.506,0.68583,0.68601,1.00,1.00
2017.10.20 18:27:59.055,0.68582,0.68601,1.00,1.00
2017.10.20 18:27:59.395,0.68581,0.68599,1.12,1.00
2017.10.20 18:28:01.249,0.68581,0.68599,1.37,1.00
2017.10.20 18:28:01.320,0.68582,0.68601,1.12,1.00
2017.10.20 18:28:01.679,0.68586,0.68605,1.12,1.50
2017.10.20 18:28:01.780,0.68586,0.68604,1.00,1.00
2017.10.20 18:28:01.933,0.68586,0.68607,1.12,1.37
2017.10.20 18:28:02.035,0.68588,0.68606,1.00,1.00
2017.10.20 18:28:02.136,0.68587,0.68608,1.12,1.50
2017.10.20 18:28:03.032,0.68588,0.68608,1.37,1.50
2017.10.20 18:28:09.810,0.68588,0.68609,1.12,1.50
2017.10.20 18:28:12.068,0.68588,0.68608,1.37,1.00
2017.10.20 18:28:21.076,0.68591,0.68608,1.00,1.00
2017.10.20 18:28:21.487,0.68589,0.68608,1.12,1.00
2017.10.20 18:28:23.088,0.68591,0.68612,1.00,1.75
2017.10.20 18:28:23.570,0.68591,0.68612,1.50,1.12
2017.10.20 18:28:25.014,0.68594,0.68615,1.37,1.75
2017.10.20 18:28:25.688,0.68594,0.68615,1.00,1.75
2017.10.20 18:28:26.216,0.68592,0.68613,1.50,1.12
2017.10.20 18:28:26.887,0.68593,0.68614,1.00,1.50
2017.10.20 18:28:28.953,0.68592,0.68614,1.50,1.50
2017.10.20 18:28:30.546,0.68591,0.68613,1.50,1.37
2017.10.20 18:28:30.800,0.6859,0.68612,1.50,1.75
2017.10.20 18:28:32.509,0.68589,0.68611,1.50,1.50
2017.10.20 18:28:33.125,0.6859,0.68609,1.00,1.12
2017.10.20 18:28:33.608,0.68592,0.68611,1.00,1.37
2017.10.20 18:28:34.058,0.68594,0.68612,1.00,1.12
2017.10.20 18:28:37.273,0.68596,0.68613,1.00,1.00
2017.10.20 18:28:37.375,0.68596,0.68616,1.00,1.12
2017.10.20 18:28:37.864,0.68599,0.68618,1.00,1.75
2017.10.20 18:28:38.108,0.68599,0.68618,1.12,1.50
2017.10.20 18:28:38.159,0.68602,0.68619,1.00,1.75
2017.10.20 18:28:38.210,0.68601,0.6862,1.00,1.37
2017.10.20 18:28:38.446,0.68599,0.6862,1.12,1.37
2017.10.20 18:28:38.548,0.68596,0.68616,1.50,1.00
2017.10.20 18:28:38.598,0.68596,0.68616,1.00,1.50
2017.10.20 18:28:39.037,0.68598,0.68617,1.00,1.37
2017.10.20 18:28:39.587,0.68596,0.68617,1.50,1.12
2017.10.20 18:28:39.638,0.68596,0.68616,1.50,1.00
2017.10.20 18:28:40.069,0.68598,0.68619,1.00,2.25
2017.10.20 18:28:40.222,0.68599,0.6862,1.00,1.87
2017.10.20 18:28:40.724,0.68598,0.68618,1.12,1.37
2017.10.20 18:28:42.662,0.68599,0.68617,1.00,1.12
2017.10.20 18:28:43.251,0.68597,0.68618,1.37,1.50
2017.10.20 18:28:43.801,0.68597,0.68617,1.37,1.00
2017.10.20 18:28:43.852,0.68597,0.68617,1.00,1.12
2017.10.20 18:28:44.407,0.68598,0.68616,1.00,1.12
2017.10.20 18:28:44.845,0.68596,0.68617,1.50,1.37
2017.10.20 18:28:45.525,0.68598,0.68616,1.00,1.00
2017.10.20 18:28:46.531,0.68599,0.68618,1.00,1.75
2017.10.20 18:28:46.632,0.68597,0.68618,1.12,1.75
2017.10.20 18:28:48.346,0.68599,0.68618,1.00,1.75
2017.10.20 18:28:48.862,0.686,0.68618,1.00,1.37
2017.10.20 18:28:49.022,0.68605,0.68624,1.00,1.37
2017.10.20 18:28:49.584,0.68606,0.68626,1.00,1.50
2017.10.20 18:28:50.545,0.68606,0.68626,1.12,1.37
2017.10.20 18:28:51.548,0.68608,0.68626,1.00,1.37
2017.10.20 18:28:52.086,0.68608,0.68626,1.00,1.37
2017.10.20 18:28:52.967,0.68608,0.68626,1.00,1.37
2017.10.20 18:28:53.994,0.68606,0.68625,1.00,1.37
2017.10.20 18:28:56.776,0.68606,0.68625,1.00,1.37
2017.10.20 18:28:58.113,0.68604,0.68623,1.00,1.00
2017.10.20 18:28:58.483,0.68601,0.68623,1.50,1.50
2017.10.20 18:28:59.297,0.68601,0.68622,1.50,1.00
2017.10.20 18:29:00.339,0.68603,0.68621,1.00,1.00
2017.10.20 18:29:01.397,0.68603,0.68622,1.37,1.00
2017.10.20 18:29:02.638,0.68603,0.68623,1.37,1.12
2017.10.20 18:29:03.813,0.68603,0.68624,1.12,2.25
2017.10.20 18:29:06.174,0.68603,0.68623,1.37,1.00
2017.10.20 18:29:08.559,0.68603,0.68622,1.37,1.00
2017.10.20 18:29:09.153,0.68602,0.68623,1.00,1.50
2017.10.20 18:29:09.205,0.68605,0.68623,1.00,1.50
2017.10.20 18:29:09.569,0.68609,0.68628,1.00,1.37
2017.10.20 18:29:10.092,0.68608,0.68628,1.00,1.87
2017.10.20 18:29:10.144,0.68605,0.68626,1.50,1.00
2017.10.20 18:29:10.407,0.68603,0.68622,1.75,1.00
2017.10.20 18:29:10.459,0.68603,0.68621,1.37,1.00
2017.10.20 18:29:11.272,0.68602,0.68621,1.00,1.12
2017.10.20 18:29:11.853,0.68602,0.68621,1.37,1.12
2017.10.20 18:29:12.976,0.68602,0.68621,1.12,1.50
2017.10.20 18:29:14.616,0.68602,0.68621,1.37,1.12
2017.10.20 18:29:16.228,0.68603,0.68621,1.37,1.12
2017.10.20 18:29:16.837,0.68602,0.68623,1.37,1.87
2017.10.20 18:29:19.052,0.68602,0.68623,1.50,1.87
2017.10.20 18:29:21.647,0.68603,0.68623,1.12,1.87
2017.10.20 18:29:24.444,0.68603,0.68624,1.37,1.87
2017.10.20 18:29:24.879,0.68604,0.68624,1.00,1.12
2017.10.20 18:29:25.938,0.68605,0.68623,1.00,1.00
2017.10.20 18:29:26.499,0.68605,0.68623,1.00,1.37
2017.10.20 18:29:27.069,0.68604,0.68625,1.12,3.00
2017.10.20 18:29:29.073,0.68605,0.68623,1.00,1.37
2017.10.20 18:29:35.173,0.68606,0.68625,1.37,2.62
2017.10.20 18:29:35.225,0.68606,0.68625,1.37,1.37
2017.10.20 18:29:35.982,0.68606,0.68625,1.37,1.37
2017.10.20 18:29:43.241,0.68605,0.68625,1.37,1.87
2017.10.20 18:29:45.932,0.68605,0.68624,1.37,1.37
2017.10.20 18:29:49.098,0.68603,0.68623,1.37,1.37
2017.10.20 18:29:54.022,0.68604,0.68623,1.37,1.12
2017.10.20 18:29:56.248,0.68606,0.68623,1.37,1.12
2017.10.20 18:29:56.591,0.68608,0.68628,1.37,1.37
2017.10.20 18:30:00.073,0.68605,0.68626,1.87,1.00
2017.10.20 18:30:00.174,0.68607,0.68625,1.37,1.87
2017.10.20 18:30:00.225,0.68603,0.68623,1.37,1.12
2017.10.20 18:30:00.327,0.68602,0.68623,1.00,1.50
2017.10.20 18:30:00.923,0.68601,0.68622,1.37,2.25
2017.10.20 18:30:00.988,0.68601,0.68619,1.00,1.37
2017.10.20 18:30:01.090,0.68599,0.68619,1.50,1.37
2017.10.20 18:30:01.141,0.68599,0.68619,1.00,1.75
2017.10.20 18:30:01.687,0.686,0.68619,1.00,3.00
2017.10.20 18:30:02.950,0.68597,0.68618,1.00,1.50
2017.10.20 18:30:03.052,0.68598,0.68618,1.00,1.50
2017.10.20 18:30:03.619,0.68603,0.68619,1.00,1.87
2017.10.20 18:30:03.825,0.68602,0.6862,1.00,1.00
2017.10.20 18:30:04.158,0.68602,0.68622,1.00,1.50
2017.10.20 18:30:04.742,0.68603,0.68621,1.00,1.00
2017.10.20 18:30:05.120,0.68601,0.68622,1.12,2.25
2017.10.20 18:30:05.171,0.68601,0.68622,1.12,2.25
2017.10.20 18:30:05.525,0.68604,0.68624,1.00,1.50
2017.10.20 18:30:05.577,0.68605,0.68625,1.00,1.75
2017.10.20 18:30:06.324,0.68604,0.68625,1.12,3.00
2017.10.20 18:30:06.426,0.68601,0.68622,1.50,1.50
2017.10.20 18:30:06.477,0.68601,0.68622,1.12,1.50
2017.10.20 18:30:07.042,0.68602,0.68622,1.00,1.50
2017.10.20 18:30:11.760,0.68596,0.68616,1.50,1.12
2017.10.20 18:30:11.862,0.68596,0.68614,1.37,1.12
2017.10.20 18:30:14.674,0.68594,0.68614,1.12,1.87
2017.10.20 18:30:15.462,0.68595,0.68613,1.00,1.12
2017.10.20 18:30:15.730,0.68592,0.68612,1.37,1.87
2017.10.20 18:30:17.893,0.68592,0.68613,1.37,1.12
2017.10.20 18:30:19.355,0.68588,0.68606,1.37,1.00
2017.10.20 18:30:19.508,0.68586,0.68606,1.00,1.00
2017.10.20 18:30:19.561,0.68585,0.68605,1.12,1.37
2017.10.20 18:30:22.379,0.68585,0.68606,1.37,2.62
2017.10.20 18:30:26.071,0.68586,0.68606,1.37,2.62
2017.10.20 18:30:26.275,0.68586,0.68606,1.37,1.12
2017.10.20 18:30:30.217,0.68586,0.68606,1.37,1.12
2017.10.20 18:30:30.318,0.68586,0.68604,1.37,1.00
2017.10.20 18:30:30.642,0.68585,0.68606,1.37,1.12
2017.10.20 18:30:31.950,0.68586,0.68604,1.37,1.00
2017.10.20 18:30:32.264,0.68586,0.68606,1.37,1.12
2017.10.20 18:30:37.258,0.68588,0.68606,1.37,1.87
2017.10.20 18:30:39.614,0.68588,0.68606,1.00,1.12
2017.10.20 18:30:41.633,0.68586,0.68606,1.12,1.12
2017.10.20 18:30:45.940,0.68586,0.68606,1.12,1.37
2017.10.20 18:30:50.522,0.68586,0.68607,1.37,1.87
