2013.07.22 20:00:00.406,0.74508,0.74539,2.52,1.88
2013.07.22 20:00:00.482,0.74508,0.74539,2.52,1.88
2013.07.22 20:00:00.670,0.74506,0.74538,1.77,1.69
2013.07.22 20:00:03.150,0.74506,0.74536,1.77,1.32
2013.07.22 20:00:03.771,0.74508,0.74536,2.44,1.13
2013.07.22 20:00:04.339,0.74508,0.74536,2.44,1.13
2013.07.22 20:00:04.948,0.74508,0.74537,2.44,1.13
2013.07.22 20:00:05.288,0.74508,0.74538,2.44,1.50
2013.07.22 20:00:07.203,0.74515,0.7454,2.44,1.13
2013.07.22 20:00:08.309,0.74513,0.74543,1.69,1.50
2013.07.22 20:00:08.769,0.74513,0.74544,1.69,1.50
2013.07.22 20:00:11.329,0.74514,0.74544,1.69,1.69
2013.07.22 20:00:12.479,0.74513,0.74544,3.19,1.50
2013.07.22 20:00:17.349,0.74514,0.74544,2.07,1.50
2013.07.22 20:00:18.308,0.74514,0.74544,2.07,1.50
2013.07.22 20:00:18.650,0.74515,0.74544,1.32,1.50
2013.07.22 20:00:19.619,0.74516,0.74542,1.32,1.13
2013.07.22 20:00:20.640,0.74516,0.74544,1.32,1.50
2013.07.22 20:00:21.597,0.74515,0.74544,1.32,1.50
2013.07.22 20:00:24.538,0.74522,0.74544,1.32,1.13
2013.07.22 20:00:27.170,0.74522,0.74542,1.32,1.13
2013.07.22 20:00:27.360,0.74522,0.74542,1.32,1.13
2013.07.22 20:00:27.790,0.74516,0.74542,1.69,1.13
2013.07.22 20:00:32.700,0.74515,0.74542,1.32,1.13
2013.07.22 20:00:34.400,0.74514,0.74542,1.32,1.13
2013.07.22 20:00:34.518,0.74516,0.74542,1.13,1.13
2013.07.22 20:00:34.804,0.74518,0.74542,1.13,1.13
2013.07.22 20:00:38.360,0.74507,0.74542,1.77,1.13
2013.07.22 20:00:38.759,0.74507,0.74542,1.77,1.13
2013.07.22 20:00:39.170,0.74509,0.74542,1.32,1.13
2013.07.22 20:00:40.389,0.74507,0.74541,1.77,1.13
2013.07.22 20:00:40.899,0.74507,0.74541,1.77,1.13
2013.07.22 20:00:41.098,0.74508,0.74541,1.32,1.13
2013.07.22 20:00:41.943,0.74508,0.74541,1.69,1.13
2013.07.22 20:00:42.010,0.74508,0.74541,1.69,1.13
2013.07.22 20:00:42.428,0.74511,0.74544,1.69,1.50
2013.07.22 20:00:42.879,0.74508,0.74541,2.07,1.13
2013.07.22 20:00:44.748,0.74508,0.74541,2.07,1.13
2013.07.22 20:00:45.463,0.74508,0.74541,2.07,1.13
2013.07.22 20:00:46.019,0.74511,0.74541,1.69,1.13
2013.07.22 20:00:46.320,0.74511,0.74539,1.69,2.25
2013.07.22 20:00:48.109,0.74509,0.74538,2.44,1.13
2013.07.22 20:00:48.618,0.74507,0.74538,1.69,1.13
2013.07.22 20:00:48.712,0.74507,0.74539,1.69,2.25
2013.07.22 20:00:49.480,0.74507,0.74538,1.69,1.13
2013.07.22 20:00:50.129,0.74507,0.74538,2.44,1.13
2013.07.22 20:00:50.647,0.74507,0.74539,2.44,2.25
2013.07.22 20:00:53.508,0.74508,0.74539,1.69,1.88
2013.07.22 20:00:53.568,0.74511,0.74549,1.69,1.32
2013.07.22 20:00:53.869,0.74508,0.74538,1.69,2.63
2013.07.22 20:00:54.998,0.74508,0.74539,1.69,1.50
2013.07.22 20:00:58.116,0.74509,0.74539,3.19,1.50
2013.07.22 20:00:58.648,0.74509,0.74538,2.44,1.13
2013.07.22 20:00:58.768,0.74506,0.74539,2.52,1.50
2013.07.22 20:00:59.628,0.74507,0.74539,2.44,1.50
2013.07.22 20:01:01.339,0.74508,0.74537,1.69,1.13
2013.07.22 20:01:02.632,0.74508,0.74537,1.69,1.13
2013.07.22 20:01:04.267,0.74508,0.74538,1.69,2.25
2013.07.22 20:01:06.920,0.74508,0.74538,1.69,2.25
2013.07.22 20:01:09.168,0.74508,0.74538,1.69,1.88
2013.07.22 20:01:09.932,0.74509,0.74538,1.69,1.88
2013.07.22 20:01:12.658,0.74512,0.74543,1.50,2.10
2013.07.22 20:01:17.468,0.74512,0.74538,1.69,1.13
2013.07.22 20:01:18.518,0.74511,0.74543,2.44,2.10
2013.07.22 20:01:19.052,0.74511,0.74543,2.44,2.10
2013.07.22 20:01:21.675,0.74511,0.74539,1.69,1.13
2013.07.22 20:01:24.739,0.74509,0.7454,1.69,1.13
2013.07.22 20:01:31.769,0.7451,0.74543,1.69,2.10
2013.07.22 20:01:36.176,0.7451,0.74543,1.69,2.10
2013.07.22 20:01:38.990,0.74512,0.74543,1.69,1.50
2013.07.22 20:01:46.403,0.7451,0.74541,1.69,1.13
2013.07.22 20:01:50.668,0.74511,0.7454,1.69,1.13
2013.07.22 20:01:55.924,0.74512,0.74542,1.69,1.13
2013.07.22 20:02:00.568,0.74511,0.74542,1.69,1.32
2013.07.22 20:02:03.114,0.7451,0.74541,1.69,1.32
2013.07.22 20:02:16.887,0.74509,0.74541,3.19,1.88
2013.07.22 20:02:24.556,0.74509,0.74541,1.69,1.88
2013.07.22 20:02:25.668,0.74509,0.74543,1.69,1.13
2013.07.22 20:02:30.189,0.74508,0.74542,3.19,1.50
2013.07.22 20:02:32.388,0.74508,0.74544,3.19,2.07
2013.07.22 20:02:38.688,0.74509,0.74544,3.19,1.13
2013.07.22 20:02:45.508,0.74509,0.74544,3.19,1.13
2013.07.22 20:02:47.279,0.7451,0.74544,3.19,1.32
2013.07.22 20:02:48.492,0.74511,0.74544,2.44,1.13
2013.07.22 20:02:50.308,0.74508,0.74544,3.19,1.69
2013.07.22 20:02:54.408,0.74513,0.74545,2.44,1.32
2013.07.22 20:02:57.970,0.74511,0.74542,1.69,1.13
2013.07.22 20:03:01.628,0.74511,0.74542,1.69,1.13
2013.07.22 20:03:02.319,0.74511,0.74538,1.69,1.50
2013.07.22 20:03:02.379,0.74507,0.74538,1.69,1.88
2013.07.22 20:03:03.346,0.74506,0.74539,1.69,1.50
2013.07.22 20:03:04.479,0.74507,0.74533,1.69,1.13
2013.07.22 20:03:08.371,0.74507,0.74533,1.69,1.13
2013.07.22 20:03:12.662,0.74507,0.74533,1.69,1.13
2013.07.22 20:03:13.370,0.74507,0.74533,3.19,1.13
2013.07.22 20:03:19.499,0.74509,0.74543,1.69,1.32
2013.07.22 20:03:19.618,0.74508,0.74543,1.69,1.32
2013.07.22 20:03:20.028,0.74512,0.7455,1.50,1.32
2013.07.22 20:03:20.758,0.74512,0.7455,1.50,1.32
2013.07.22 20:03:20.979,0.74512,0.74553,1.50,1.69
2013.07.22 20:03:22.135,0.74508,0.74553,1.69,1.69
2013.07.22 20:03:23.309,0.74512,0.74553,1.50,1.69
2013.07.22 20:03:23.860,0.74512,0.74553,1.50,1.69
2013.07.22 20:03:27.280,0.74512,0.74553,1.69,2.82
2013.07.22 20:03:27.789,0.74511,0.74546,1.69,1.13
2013.07.22 20:03:29.108,0.74512,0.74553,1.69,2.07
2013.07.22 20:03:29.793,0.74512,0.74553,1.69,2.07
2013.07.22 20:03:30.630,0.74512,0.74553,1.69,1.13
2013.07.22 20:03:30.688,0.74513,0.74548,1.50,1.13
2013.07.22 20:03:31.859,0.74517,0.74558,1.50,2.44
2013.07.22 20:03:32.568,0.74517,0.74553,1.50,1.13
2013.07.22 20:03:32.628,0.74517,0.74557,1.69,1.69
2013.07.22 20:03:36.119,0.74517,0.74557,1.69,1.13
2013.07.22 20:03:37.739,0.74517,0.74555,1.69,1.13
2013.07.22 20:03:47.083,0.74513,0.74555,1.69,1.88
2013.07.22 20:03:47.258,0.74512,0.74554,1.69,2.07
2013.07.22 20:03:47.319,0.74512,0.74554,1.69,2.07
2013.07.22 20:03:47.948,0.74507,0.74553,1.69,1.32
2013.07.22 20:03:48.460,0.74507,0.74554,2.44,3.19
2013.07.22 20:03:49.021,0.74507,0.74554,1.69,1.32
2013.07.22 20:03:50.334,0.7451,0.74557,1.69,1.32
2013.07.22 20:03:50.550,0.74517,0.74559,1.69,1.69
2013.07.22 20:03:52.069,0.74517,0.74558,1.69,1.32
2013.07.22 20:03:58.155,0.74517,0.74557,1.69,1.13
2013.07.22 20:03:59.518,0.74517,0.74557,1.69,1.13
2013.07.22 20:04:00.479,0.74514,0.74557,1.69,1.32
2013.07.22 20:04:01.025,0.74514,0.74559,1.69,1.69
2013.07.22 20:04:01.680,0.74514,0.74557,1.69,1.69
2013.07.22 20:04:02.409,0.74514,0.74555,1.69,1.32
2013.07.22 20:04:04.710,0.74514,0.74559,1.69,1.69
2013.07.22 20:04:11.770,0.74514,0.74559,1.69,1.69
2013.07.22 20:04:12.078,0.74515,0.74557,1.69,1.13
2013.07.22 20:04:12.198,0.74511,0.74558,2.44,1.69
2013.07.22 20:04:12.398,0.74511,0.74557,2.44,1.32
2013.07.22 20:04:12.898,0.74511,0.74558,2.44,1.32
2013.07.22 20:04:12.960,0.74522,0.74557,1.50,1.32
2013.07.22 20:04:13.078,0.74511,0.74558,2.44,1.69
2013.07.22 20:04:13.348,0.74522,0.74557,1.50,1.32
2013.07.22 20:04:13.408,0.74512,0.74559,1.69,2.44
2013.07.22 20:04:13.528,0.74512,0.74559,1.69,2.44
2013.07.22 20:04:13.959,0.74512,0.74554,1.69,1.13
2013.07.22 20:04:14.041,0.74512,0.74559,1.69,2.44
2013.07.22 20:04:14.158,0.74512,0.74557,1.69,1.32
2013.07.22 20:04:14.400,0.74512,0.74559,1.69,2.44
2013.07.22 20:04:14.460,0.74521,0.74557,1.50,1.32
2013.07.22 20:04:14.701,0.74517,0.74556,1.69,1.32
2013.07.22 20:04:14.938,0.74517,0.74558,1.69,1.32
2013.07.22 20:04:18.089,0.74517,0.74558,1.69,1.32
2013.07.22 20:04:18.228,0.7452,0.74558,1.69,1.32
2013.07.22 20:04:18.995,0.7452,0.74558,1.69,1.32
2013.07.22 20:04:22.128,0.74517,0.74558,1.69,1.32
2013.07.22 20:04:25.640,0.74523,0.74558,1.50,2.07
2013.07.22 20:04:26.189,0.74523,0.74558,1.50,2.07
2013.07.22 20:04:27.358,0.74523,0.74558,1.50,2.07
2013.07.22 20:04:29.418,0.74523,0.74559,2.25,1.69
2013.07.22 20:04:29.829,0.74531,0.74561,1.13,1.32
2013.07.22 20:04:29.998,0.74531,0.74561,1.13,1.32
2013.07.22 20:04:31.051,0.74531,0.74561,1.32,1.32
2013.07.22 20:04:31.380,0.74531,0.74561,1.32,1.32
2013.07.22 20:04:39.019,0.74531,0.74564,1.32,1.69
2013.07.22 20:04:39.149,0.74531,0.74562,1.32,1.50
2013.07.22 20:04:43.219,0.74531,0.74564,2.07,1.69
2013.07.22 20:04:49.280,0.74531,0.74562,2.07,1.69
2013.07.22 20:04:59.265,0.74531,0.74563,2.07,1.69
2013.07.22 20:05:01.770,0.74531,0.74562,1.88,1.32
2013.07.22 20:05:03.280,0.74531,0.74561,1.13,1.32
2013.07.22 20:05:05.299,0.74531,0.74561,1.32,1.32
2013.07.22 20:05:08.710,0.74531,0.74561,1.13,1.32
2013.07.22 20:05:11.198,0.74531,0.74564,1.13,2.44
2013.07.22 20:05:11.329,0.74528,0.74564,1.50,2.44
2013.07.22 20:05:11.879,0.74526,0.74563,1.32,1.88
2013.07.22 20:05:12.609,0.74516,0.74558,1.69,1.13
2013.07.22 20:05:13.990,0.74527,0.74558,1.50,1.13
2013.07.22 20:05:14.600,0.74518,0.74558,1.69,1.13
2013.07.22 20:05:15.810,0.74526,0.74558,1.50,1.13
2013.07.22 20:05:15.919,0.74524,0.74558,1.50,1.88
2013.07.22 20:05:16.709,0.74524,0.74558,1.50,2.07
2013.07.22 20:05:17.611,0.74523,0.74558,1.50,2.44
2013.07.22 20:05:18.328,0.74514,0.74558,1.69,1.69
2013.07.22 20:05:18.870,0.74515,0.74558,1.69,1.50
2013.07.22 20:05:20.589,0.74518,0.74558,1.69,1.50
2013.07.22 20:05:20.679,0.74518,0.74558,1.69,1.50
2013.07.22 20:05:28.509,0.74515,0.74558,1.69,1.32
2013.07.22 20:05:29.030,0.74519,0.74558,1.69,1.88
2013.07.22 20:05:31.362,0.74519,0.74558,1.69,1.13
2013.07.22 20:05:32.989,0.74516,0.74558,1.69,1.13
2013.07.22 20:05:33.528,0.74519,0.74558,1.69,1.13
2013.07.22 20:05:34.038,0.74519,0.74558,1.69,1.13
2013.07.22 20:05:35.279,0.74525,0.74558,1.50,1.13
2013.07.22 20:05:39.924,0.74525,0.74558,1.50,1.32
2013.07.22 20:05:40.601,0.74526,0.74558,1.50,1.32
2013.07.22 20:05:41.150,0.74526,0.74558,1.50,1.13
2013.07.22 20:05:46.258,0.74512,0.74558,1.69,1.88
2013.07.22 20:05:46.978,0.74512,0.74558,1.69,1.88
2013.07.22 20:05:49.129,0.74509,0.74558,1.69,1.88
2013.07.22 20:05:50.009,0.74511,0.74558,1.69,1.13
2013.07.22 20:05:51.019,0.74513,0.74558,1.69,1.32
2013.07.22 20:05:56.439,0.74515,0.74557,1.69,1.50
2013.07.22 20:06:02.169,0.74515,0.74559,1.69,1.69
2013.07.22 20:06:03.370,0.74516,0.74559,1.69,1.50
2013.07.22 20:06:05.581,0.74526,0.74559,1.50,1.50
2013.07.22 20:06:07.069,0.74517,0.74559,1.69,1.50
2013.07.22 20:06:07.190,0.74517,0.74559,1.69,1.13
2013.07.22 20:06:14.488,0.74528,0.74559,1.50,1.13
2013.07.22 20:06:18.779,0.74514,0.74559,2.07,1.13
2013.07.22 20:06:19.405,0.74517,0.74556,1.69,2.44
2013.07.22 20:06:22.129,0.74522,0.74557,1.69,1.32
2013.07.22 20:06:24.448,0.74531,0.74559,1.13,1.32
2013.07.22 20:06:25.125,0.7452,0.74555,1.32,2.44
2013.07.22 20:06:26.740,0.7452,0.74557,1.69,1.32
2013.07.22 20:06:28.138,0.74512,0.74559,1.69,1.32
2013.07.22 20:06:28.644,0.74511,0.74559,2.44,1.13
2013.07.22 20:06:28.950,0.74511,0.74559,2.44,1.13
2013.07.22 20:06:29.999,0.74528,0.74559,1.50,1.13
2013.07.22 20:06:30.348,0.74528,0.74557,1.50,1.13
2013.07.22 20:06:30.908,0.74511,0.74559,1.69,1.13
2013.07.22 20:06:31.279,0.74514,0.74557,1.69,1.13
2013.07.22 20:06:33.370,0.74528,0.74557,1.50,1.13
2013.07.22 20:06:34.319,0.74512,0.74557,1.69,1.13
2013.07.22 20:06:34.668,0.74508,0.74557,1.69,1.13
2013.07.22 20:06:52.268,0.74522,0.74556,1.69,1.13
2013.07.22 20:06:53.168,0.74517,0.74561,2.44,1.32
2013.07.22 20:06:53.230,0.7452,0.74569,1.69,1.69
2013.07.22 20:06:53.409,0.7452,0.74572,1.69,2.44
2013.07.22 20:06:53.679,0.74521,0.7459,1.69,1.69
2013.07.22 20:06:53.738,0.74521,0.7459,1.69,1.69
2013.07.22 20:06:59.749,0.7454,0.7459,1.50,1.69
2013.07.22 20:07:00.189,0.74521,0.74592,1.69,1.69
2013.07.22 20:07:02.759,0.74529,0.74593,1.69,1.69
2013.07.22 20:07:03.119,0.74532,0.74591,1.69,1.69
2013.07.22 20:07:03.621,0.74532,0.74591,1.69,1.69
2013.07.22 20:07:03.951,0.74543,0.74591,1.50,1.69
2013.07.22 20:07:04.130,0.74536,0.74591,1.69,1.69
2013.07.22 20:07:04.369,0.74532,0.74587,1.69,1.69
2013.07.22 20:07:04.441,0.74532,0.74587,1.69,1.69
2013.07.22 20:07:05.360,0.74535,0.74587,1.69,1.69
2013.07.22 20:07:05.479,0.74532,0.74587,1.69,1.69
2013.07.22 20:07:12.948,0.74536,0.74581,1.50,1.69
2013.07.22 20:07:16.639,0.74534,0.74583,1.50,1.69
2013.07.22 20:07:18.340,0.74534,0.74583,2.25,1.69
2013.07.22 20:07:18.722,0.74537,0.74586,1.69,1.69
2013.07.22 20:07:18.999,0.74535,0.74581,1.69,1.69
2013.07.22 20:07:22.390,0.74535,0.74581,1.69,1.69
2013.07.22 20:07:22.448,0.74535,0.74581,1.69,1.69
2013.07.22 20:07:22.628,0.74543,0.74586,1.69,1.69
2013.07.22 20:07:23.370,0.74543,0.74586,1.69,1.69
2013.07.22 20:07:24.718,0.7454,0.74583,1.69,1.69
2013.07.22 20:07:25.398,0.74547,0.74584,1.69,1.69
2013.07.22 20:07:25.518,0.74547,0.74584,1.69,1.69
2013.07.22 20:07:27.971,0.74547,0.74584,1.69,1.69
2013.07.22 20:07:31.880,0.74553,0.74589,2.44,1.69
2013.07.22 20:07:32.059,0.74553,0.74589,2.44,1.69
2013.07.22 20:07:32.178,0.74553,0.74589,2.82,1.69
2013.07.22 20:07:34.428,0.74553,0.74587,1.32,1.69
2013.07.22 20:07:34.870,0.74553,0.74587,2.07,1.69
2013.07.22 20:07:35.229,0.74561,0.74588,1.32,1.32
2013.07.22 20:07:36.820,0.74561,0.74596,1.32,1.32
2013.07.22 20:07:37.500,0.74561,0.74596,1.32,1.32
2013.07.22 20:07:38.102,0.74563,0.74598,2.44,1.32
2013.07.22 20:07:38.409,0.74567,0.74599,1.32,1.32
2013.07.22 20:07:38.728,0.74567,0.74599,1.32,1.32
2013.07.22 20:07:42.259,0.74567,0.74596,1.32,1.13
2013.07.22 20:07:44.079,0.74567,0.74601,1.32,1.32
2013.07.22 20:07:47.808,0.74569,0.74602,1.32,1.32
2013.07.22 20:07:48.559,0.74569,0.74596,1.32,1.13
2013.07.22 20:07:48.730,0.74564,0.74596,2.07,1.13
2013.07.22 20:07:48.788,0.74564,0.74603,2.07,1.32
2013.07.22 20:07:48.908,0.74561,0.74594,1.13,1.13
2013.07.22 20:07:49.029,0.74561,0.74594,1.13,1.69
2013.07.22 20:07:49.088,0.74541,0.74594,1.69,1.69
2013.07.22 20:07:49.249,0.74539,0.74591,1.69,1.69
2013.07.22 20:07:49.558,0.74536,0.74589,1.69,1.69
2013.07.22 20:07:49.681,0.74533,0.74584,1.69,1.50
2013.07.22 20:07:49.800,0.74533,0.74584,1.69,1.50
2013.07.22 20:07:50.400,0.7452,0.74581,1.69,1.69
2013.07.22 20:07:50.518,0.7452,0.74581,1.69,1.69
2013.07.22 20:07:50.781,0.74523,0.74585,1.69,1.69
2013.07.22 20:07:50.839,0.74523,0.74585,1.69,1.69
2013.07.22 20:07:53.606,0.74523,0.74588,1.69,1.69
2013.07.22 20:07:53.841,0.74533,0.74594,1.69,1.69
2013.07.22 20:07:56.350,0.74536,0.74594,1.69,1.69
2013.07.22 20:08:00.354,0.74528,0.74591,1.69,3.19
2013.07.22 20:08:00.412,0.74528,0.7459,1.69,1.69
2013.07.22 20:08:00.709,0.74523,0.74586,1.69,1.69
2013.07.22 20:08:01.570,0.74523,0.74583,1.69,1.69
2013.07.22 20:08:02.279,0.74525,0.74583,1.69,1.69
2013.07.22 20:08:02.363,0.74519,0.74575,1.69,2.44
2013.07.22 20:08:02.538,0.74519,0.7457,1.69,1.69
2013.07.22 20:08:02.719,0.74519,0.7457,1.69,1.69
2013.07.22 20:08:03.175,0.74519,0.7457,1.69,2.44
2013.07.22 20:08:05.419,0.74519,0.74567,1.69,1.69
2013.07.22 20:08:05.910,0.74518,0.74563,1.69,1.32
2013.07.22 20:08:06.189,0.74521,0.74564,1.69,1.32
2013.07.22 20:08:07.293,0.74524,0.74565,1.69,1.32
2013.07.22 20:08:08.071,0.74524,0.74565,1.69,1.32
2013.07.22 20:08:08.309,0.74521,0.7456,1.69,1.69
2013.07.22 20:08:08.428,0.74521,0.74559,1.32,1.32
2013.07.22 20:08:09.040,0.74521,0.74559,1.32,1.32
2013.07.22 20:08:09.830,0.74521,0.74559,1.69,1.32
2013.07.22 20:08:10.420,0.74521,0.74559,1.69,1.32
2013.07.22 20:08:11.380,0.74528,0.74559,1.69,1.13
2013.07.22 20:08:12.117,0.74528,0.74559,1.69,1.13
2013.07.22 20:08:12.419,0.74521,0.74554,1.32,1.13
2013.07.22 20:08:12.479,0.74529,0.74554,1.50,1.13
2013.07.22 20:08:13.009,0.74517,0.74554,1.69,1.32
2013.07.22 20:08:14.499,0.74517,0.74554,1.32,1.32
2013.07.22 20:08:14.819,0.74517,0.74554,1.69,1.32
2013.07.22 20:08:15.380,0.74517,0.74554,1.32,1.32
2013.07.22 20:08:15.439,0.74517,0.74554,1.32,1.32
2013.07.22 20:08:15.498,0.74517,0.74554,1.32,1.32
2013.07.22 20:08:16.059,0.74517,0.74554,1.69,1.32
2013.07.22 20:08:17.050,0.74517,0.74554,1.69,1.32
2013.07.22 20:08:17.934,0.74517,0.74554,1.69,1.32
2013.07.22 20:08:18.479,0.74518,0.74554,1.32,1.32
2013.07.22 20:08:18.709,0.74518,0.74554,1.32,1.32
2013.07.22 20:08:19.051,0.74518,0.74554,1.69,1.32
2013.07.22 20:08:23.380,0.74511,0.74551,1.69,2.44
2013.07.22 20:08:23.439,0.74517,0.74554,1.69,3.57
2013.07.22 20:08:24.899,0.74524,0.74554,1.50,1.13
2013.07.22 20:08:24.959,0.74526,0.74559,1.50,2.07
2013.07.22 20:08:25.079,0.74537,0.74562,1.50,1.32
2013.07.22 20:08:25.259,0.74526,0.74558,1.32,1.32
2013.07.22 20:08:25.499,0.74522,0.74565,2.44,1.69
2013.07.22 20:08:25.930,0.74522,0.74579,1.69,1.50
2013.07.22 20:08:26.249,0.74534,0.74586,1.50,1.69
2013.07.22 20:08:26.760,0.74522,0.74586,1.69,1.69
2013.07.22 20:08:36.129,0.74528,0.74574,1.69,1.69
2013.07.22 20:08:37.979,0.74531,0.74574,1.69,1.69
2013.07.22 20:08:38.929,0.74531,0.74568,1.69,1.13
2013.07.22 20:08:38.988,0.74527,0.74567,1.32,1.69
2013.07.22 20:08:39.049,0.74522,0.74562,1.32,1.32
2013.07.22 20:08:39.229,0.74522,0.74562,1.32,1.32
2013.07.22 20:08:40.109,0.74522,0.74562,1.32,1.32
2013.07.22 20:08:40.289,0.74516,0.7456,1.69,1.69
2013.07.22 20:08:40.545,0.74513,0.74558,1.69,3.19
2013.07.22 20:08:40.669,0.74513,0.74558,1.69,3.94
2013.07.22 20:08:40.728,0.74513,0.74558,1.69,3.19
2013.07.22 20:08:40.948,0.74507,0.74561,1.77,2.07
2013.07.22 20:08:41.300,0.74507,0.74557,1.02,1.13
2013.07.22 20:08:41.660,0.74508,0.74557,1.69,1.32
2013.07.22 20:08:42.209,0.74513,0.74557,1.69,1.69
2013.07.22 20:08:43.259,0.74507,0.74559,1.77,1.32
2013.07.22 20:08:43.930,0.74507,0.74558,1.77,1.32
2013.07.22 20:08:44.289,0.74507,0.7455,1.02,1.32
2013.07.22 20:08:44.881,0.74511,0.7455,1.69,1.69
2013.07.22 20:08:47.279,0.74515,0.74552,1.69,1.32
2013.07.22 20:08:47.341,0.7453,0.74552,1.13,1.32
2013.07.22 20:08:48.246,0.7451,0.74549,1.69,1.69
2013.07.22 20:08:49.160,0.7453,0.74549,1.13,1.69
2013.07.22 20:08:49.853,0.7453,0.74552,2.07,1.13
2013.07.22 20:08:49.969,0.7453,0.74563,2.82,1.32
2013.07.22 20:08:50.160,0.74525,0.74558,1.69,1.69
2013.07.22 20:08:50.279,0.74525,0.74558,1.32,1.69
2013.07.22 20:08:50.579,0.74516,0.74564,1.69,1.69
2013.07.22 20:08:50.700,0.74522,0.74573,1.69,1.69
2013.07.22 20:08:50.939,0.7452,0.74576,1.69,1.69
2013.07.22 20:08:54.109,0.74526,0.74584,2.44,1.69
2013.07.22 20:08:57.031,0.74527,0.74583,1.69,2.44
2013.07.22 20:08:58.391,0.74529,0.74582,1.69,1.69
2013.07.22 20:08:59.110,0.74534,0.74583,1.69,1.69
2013.07.22 20:08:59.409,0.74534,0.74593,1.69,1.69
2013.07.22 20:08:59.850,0.74541,0.74606,1.69,1.69
2013.07.22 20:09:07.619,0.74529,0.74595,1.69,1.69
2013.07.22 20:09:07.959,0.74521,0.74583,1.69,1.69
2013.07.22 20:09:09.620,0.74523,0.74587,1.69,1.69
2013.07.22 20:09:10.621,0.74518,0.74578,1.69,2.44
2013.07.22 20:09:10.739,0.74518,0.74574,1.69,1.69
2013.07.22 20:09:12.449,0.74519,0.74573,1.69,2.44
2013.07.22 20:09:12.770,0.74514,0.74564,1.69,1.69
2013.07.22 20:09:17.415,0.74524,0.74572,1.69,1.32
2013.07.22 20:09:17.839,0.74524,0.74572,1.69,1.32
2013.07.22 20:09:18.079,0.74516,0.74563,1.69,1.69
2013.07.22 20:09:18.930,0.74518,0.74561,1.69,1.69
2013.07.22 20:09:20.425,0.74521,0.74563,1.69,1.69
2013.07.22 20:09:21.429,0.74521,0.74563,1.69,1.69
2013.07.22 20:09:23.109,0.74518,0.74559,1.69,1.69
2013.07.22 20:09:27.468,0.74537,0.7456,1.13,2.07
2013.07.22 20:09:28.011,0.74513,0.74557,1.69,1.69
2013.07.22 20:09:28.370,0.74513,0.74557,1.32,1.69
2013.07.22 20:09:28.969,0.74514,0.74554,1.32,1.69
2013.07.22 20:09:29.871,0.7451,0.7455,1.32,2.44
2013.07.22 20:09:29.990,0.74513,0.74551,1.32,1.69
2013.07.22 20:09:30.109,0.74513,0.74551,1.69,2.07
2013.07.22 20:09:30.639,0.74513,0.74551,1.32,2.07
2013.07.22 20:09:30.989,0.74513,0.74551,1.69,2.07
2013.07.22 20:09:31.112,0.74513,0.74551,1.69,2.07
2013.07.22 20:09:31.468,0.74521,0.74554,1.32,1.32
2013.07.22 20:09:31.528,0.74521,0.74554,1.32,1.32
2013.07.22 20:09:31.589,0.74521,0.74554,1.32,1.32
2013.07.22 20:09:32.229,0.74521,0.74555,1.69,1.32
2013.07.22 20:09:32.409,0.74521,0.74555,1.69,1.32
2013.07.22 20:09:33.277,0.74522,0.74555,1.69,1.32
2013.07.22 20:09:34.179,0.74522,0.74555,1.69,1.32
2013.07.22 20:09:34.479,0.74522,0.74554,1.32,1.13
2013.07.22 20:09:36.929,0.74522,0.74554,1.32,1.13
2013.07.22 20:09:39.279,0.74526,0.74562,1.69,2.44
2013.07.22 20:09:39.399,0.74523,0.74564,1.69,1.13
2013.07.22 20:09:39.459,0.74537,0.74578,1.69,2.44
2013.07.22 20:09:39.579,0.74539,0.74584,1.69,1.69
2013.07.22 20:09:39.699,0.74542,0.74595,1.69,1.69
2013.07.22 20:09:39.880,0.74543,0.74595,1.32,1.69
2013.07.22 20:09:40.219,0.74533,0.74593,1.32,1.69
2013.07.22 20:09:40.279,0.74531,0.74593,1.69,1.69
2013.07.22 20:09:40.340,0.74531,0.74591,1.69,1.69
2013.07.22 20:09:41.254,0.74532,0.74593,1.69,1.69
2013.07.22 20:09:41.369,0.74532,0.74593,1.69,1.69
2013.07.22 20:09:43.260,0.74531,0.74593,1.69,2.44
2013.07.22 20:09:43.779,0.74557,0.74599,1.69,1.69
2013.07.22 20:09:43.899,0.74557,0.74599,1.69,1.69
2013.07.22 20:09:43.959,0.74557,0.74599,1.69,1.69
2013.07.22 20:09:44.679,0.74559,0.74602,1.69,3.94
2013.07.22 20:09:45.289,0.74557,0.74601,1.69,3.19
2013.07.22 20:09:45.471,0.74557,0.74598,1.69,1.69
2013.07.22 20:09:45.580,0.74557,0.74599,1.69,1.69
2013.07.22 20:09:46.120,0.74564,0.74599,1.50,1.69
2013.07.22 20:09:46.470,0.74568,0.74604,1.69,2.44
2013.07.22 20:09:47.054,0.74568,0.74604,1.69,2.44
2013.07.22 20:09:47.931,0.74568,0.74604,1.69,2.44
2013.07.22 20:09:48.579,0.74573,0.74604,1.13,2.44
2013.07.22 20:09:49.128,0.74572,0.74604,1.69,2.44
2013.07.22 20:09:49.189,0.74572,0.74607,2.44,1.69
2013.07.22 20:09:49.561,0.74575,0.74608,1.32,3.19
2013.07.22 20:09:50.699,0.74575,0.74608,1.32,1.69
2013.07.22 20:09:51.039,0.74578,0.74608,1.13,1.69
2013.07.22 20:09:53.209,0.74579,0.74611,1.32,1.32
2013.07.22 20:09:53.269,0.74582,0.74613,1.13,4.32
2013.07.22 20:09:54.400,0.74582,0.74614,1.32,1.69
2013.07.22 20:09:55.103,0.74582,0.7461,1.13,2.44
2013.07.22 20:09:55.339,0.74574,0.74606,1.32,1.69
2013.07.22 20:09:55.518,0.74572,0.74604,1.32,1.69
2013.07.22 20:09:55.579,0.74572,0.74604,1.32,2.07
2013.07.22 20:09:56.352,0.74572,0.74604,1.32,1.69
2013.07.22 20:09:56.591,0.74552,0.74595,1.69,1.69
2013.07.22 20:09:56.709,0.74552,0.74596,1.69,1.69
2013.07.22 20:09:56.829,0.74553,0.74599,1.69,1.69
2013.07.22 20:09:57.360,0.74547,0.74602,1.69,1.69
2013.07.22 20:09:57.419,0.74535,0.74599,1.69,1.69
2013.07.22 20:09:57.909,0.74557,0.74603,1.69,1.69
2013.07.22 20:09:58.029,0.74557,0.74603,1.69,1.69
2013.07.22 20:09:59.549,0.74565,0.74603,1.69,1.69
2013.07.22 20:10:01.519,0.7457,0.74605,1.32,1.69
2013.07.22 20:10:01.910,0.7457,0.74607,1.32,2.44
2013.07.22 20:10:02.040,0.74571,0.74609,1.69,1.69
2013.07.22 20:10:03.749,0.74576,0.7461,2.44,1.69
2013.07.22 20:10:04.770,0.74579,0.74612,1.32,2.44
2013.07.22 20:10:06.409,0.7458,0.74612,1.13,2.44
2013.07.22 20:10:06.469,0.74581,0.74617,2.44,1.69
2013.07.22 20:10:06.589,0.74582,0.74617,1.32,1.69
2013.07.22 20:10:09.109,0.74582,0.74616,1.32,1.32
2013.07.22 20:10:09.690,0.74582,0.74616,2.07,1.69
2013.07.22 20:10:10.745,0.74582,0.74615,2.07,1.32
2013.07.22 20:10:12.789,0.74583,0.74615,1.32,1.32
2013.07.22 20:10:13.729,0.74583,0.74614,1.32,1.69
2013.07.22 20:10:14.692,0.74581,0.74614,1.32,2.07
2013.07.22 20:10:15.159,0.74581,0.74614,1.32,1.69
2013.07.22 20:10:15.460,0.74581,0.74614,1.32,2.07
2013.07.22 20:10:15.619,0.74581,0.74614,1.32,1.69
2013.07.22 20:10:16.211,0.7458,0.74614,2.07,1.69
2013.07.22 20:10:16.269,0.74579,0.74612,1.32,1.32
2013.07.22 20:10:16.329,0.7458,0.74612,1.32,1.32
2013.07.22 20:10:19.229,0.74576,0.74612,1.88,1.69
2013.07.22 20:10:19.353,0.74573,0.74604,1.32,1.13
2013.07.22 20:10:19.469,0.74569,0.74602,1.13,1.69
2013.07.22 20:10:19.529,0.74555,0.74602,1.69,1.69
2013.07.22 20:10:19.589,0.74555,0.74601,1.69,1.69
2013.07.22 20:10:19.709,0.74548,0.74599,1.69,1.69
2013.07.22 20:10:19.889,0.74548,0.74598,1.69,1.69
2013.07.22 20:10:20.189,0.74537,0.74595,1.50,1.69
2013.07.22 20:10:22.460,0.74528,0.74595,1.69,2.44
2013.07.22 20:10:22.869,0.7452,0.74594,1.69,1.69
2013.07.22 20:10:23.280,0.74524,0.74595,1.69,1.69
2013.07.22 20:10:23.403,0.74524,0.74597,1.69,1.69
2013.07.22 20:10:24.209,0.74525,0.74596,1.69,1.69
2013.07.22 20:10:24.329,0.74526,0.74584,1.69,1.32
2013.07.22 20:10:24.814,0.74526,0.74583,1.69,1.32
2013.07.22 20:10:25.375,0.74521,0.74579,1.69,1.69
2013.07.22 20:10:25.559,0.74521,0.74578,1.69,1.69
2013.07.22 20:10:25.930,0.74521,0.74578,1.69,1.69
2013.07.22 20:10:26.959,0.7452,0.74574,1.69,2.07
2013.07.22 20:10:29.709,0.74522,0.74564,1.69,1.69
2013.07.22 20:10:29.769,0.74522,0.74564,1.69,1.69
2013.07.22 20:10:29.830,0.74522,0.7456,1.69,1.13
2013.07.22 20:10:29.949,0.74522,0.7456,1.69,1.13
2013.07.22 20:10:30.069,0.74517,0.7456,1.69,1.13
2013.07.22 20:10:30.260,0.74535,0.7456,1.13,1.13
2013.07.22 20:10:30.619,0.74544,0.74576,1.69,1.32
2013.07.22 20:10:30.700,0.74546,0.74576,1.50,1.32
2013.07.22 20:10:31.010,0.74546,0.74576,1.50,1.32
2013.07.22 20:10:31.669,0.74542,0.7457,1.69,1.13
2013.07.22 20:10:31.797,0.74535,0.74563,1.69,1.13
2013.07.22 20:10:32.340,0.74526,0.74563,1.69,1.13
2013.07.22 20:10:32.600,0.74525,0.74569,1.69,1.69
2013.07.22 20:10:32.659,0.74525,0.74569,1.69,1.69
2013.07.22 20:10:33.110,0.74525,0.74569,1.69,1.69
2013.07.22 20:10:33.169,0.74527,0.74571,1.69,1.32
2013.07.22 20:10:33.229,0.74531,0.74588,1.69,1.69
2013.07.22 20:10:34.879,0.74537,0.74582,1.69,1.50
2013.07.22 20:10:35.390,0.74531,0.74579,1.69,1.13
2013.07.22 20:10:35.569,0.74537,0.74579,1.69,1.32
2013.07.22 20:10:35.729,0.74537,0.74579,1.69,1.32
2013.07.22 20:10:36.380,0.74542,0.74578,1.69,1.32
2013.07.22 20:10:36.630,0.74541,0.74573,1.69,1.32
2013.07.22 20:10:37.029,0.74539,0.74573,1.69,2.07
2013.07.22 20:10:37.620,0.74539,0.74573,1.69,2.07
2013.07.22 20:10:38.179,0.74539,0.74573,1.69,2.07
2013.07.22 20:10:38.542,0.74539,0.74573,1.69,2.07
2013.07.22 20:10:38.889,0.74539,0.74573,1.69,2.44
2013.07.22 20:10:39.390,0.74539,0.74573,1.69,2.07
2013.07.22 20:10:39.509,0.74539,0.74573,1.69,2.07
2013.07.22 20:10:39.839,0.74539,0.74573,1.69,2.07
2013.07.22 20:10:44.878,0.74539,0.74573,1.69,2.44
2013.07.22 20:10:49.969,0.74539,0.74573,1.69,2.07
2013.07.22 20:10:50.029,0.74541,0.74573,1.69,1.32
2013.07.22 20:10:50.250,0.74533,0.74573,1.69,2.07
2013.07.22 20:10:50.650,0.74533,0.74569,1.69,1.13
2013.07.22 20:10:50.709,0.74542,0.74569,1.13,1.32
2013.07.22 20:10:50.949,0.74523,0.74571,1.69,1.32
2013.07.22 20:10:51.009,0.74524,0.74578,1.69,1.13
2013.07.22 20:10:51.069,0.74524,0.74584,1.69,1.69
2013.07.22 20:11:03.748,0.74521,0.74582,1.69,1.69
2013.07.22 20:11:03.990,0.74521,0.74582,1.69,1.69
2013.07.22 20:11:14.454,0.74537,0.74583,1.69,1.50
2013.07.22 20:11:17.499,0.74538,0.74583,1.69,1.50
2013.07.22 20:11:20.229,0.74539,0.74589,1.69,1.50
2013.07.22 20:11:20.840,0.74535,0.74589,1.69,1.69
2013.07.22 20:11:23.800,0.74536,0.74583,1.69,1.50
2013.07.22 20:11:24.392,0.74539,0.74583,1.69,1.50
2013.07.22 20:11:24.511,0.74539,0.74585,1.69,1.50
2013.07.22 20:11:25.069,0.74525,0.74588,1.69,1.69
2013.07.22 20:11:28.430,0.74527,0.74575,1.69,1.50
2013.07.22 20:11:29.961,0.74523,0.74579,1.69,1.69
2013.07.22 20:11:30.028,0.74523,0.74583,1.69,1.69
2013.07.22 20:11:30.150,0.74521,0.74581,1.69,1.69
2013.07.22 20:11:30.293,0.74524,0.74585,1.69,1.32
2013.07.22 20:11:38.260,0.74533,0.74593,1.69,1.69
2013.07.22 20:11:38.610,0.74535,0.74593,1.69,1.69
2013.07.22 20:11:42.259,0.74527,0.74583,1.69,1.69
2013.07.22 20:11:49.561,0.7453,0.7459,1.69,1.69
2013.07.22 20:11:49.800,0.7453,0.7459,1.69,1.69
2013.07.22 20:11:50.101,0.7453,0.7459,1.69,1.69
2013.07.22 20:11:50.579,0.74517,0.74583,1.69,1.69
2013.07.22 20:11:50.871,0.74517,0.74583,1.69,1.69
2013.07.22 20:11:50.980,0.74517,0.74583,1.69,1.69
2013.07.22 20:11:51.310,0.74517,0.74583,1.69,1.69
2013.07.22 20:11:51.521,0.74517,0.74583,1.69,1.69
2013.07.22 20:11:51.989,0.74518,0.74586,1.69,1.69
2013.07.22 20:11:55.901,0.74525,0.74593,1.69,2.82
2013.07.22 20:11:56.291,0.74525,0.74593,1.69,2.82
2013.07.22 20:11:56.611,0.74525,0.74593,1.69,2.82
2013.07.22 20:11:57.022,0.74525,0.74593,1.69,2.82
2013.07.22 20:12:00.091,0.7453,0.74593,1.69,2.07
2013.07.22 20:12:00.651,0.7453,0.74593,1.69,2.07
2013.07.22 20:12:01.169,0.74522,0.74586,1.69,1.69
2013.07.22 20:12:01.230,0.74522,0.74586,1.69,1.69
2013.07.22 20:12:01.919,0.74525,0.74588,1.69,1.69
2013.07.22 20:12:02.298,0.74525,0.74588,1.69,1.69
2013.07.22 20:12:03.480,0.74537,0.74589,1.69,1.69
2013.07.22 20:12:03.539,0.74537,0.74589,1.69,1.69
2013.07.22 20:12:04.170,0.74537,0.74589,1.69,1.69
2013.07.22 20:12:04.230,0.74542,0.74588,1.69,1.50
2013.07.22 20:12:04.779,0.74542,0.74592,1.69,1.32
2013.07.22 20:12:05.081,0.74547,0.74591,1.69,1.69
2013.07.22 20:12:08.910,0.74542,0.74588,1.69,3.19
2013.07.22 20:12:09.150,0.74541,0.74586,1.69,1.69
2013.07.22 20:12:10.191,0.74544,0.74587,1.69,1.69
2013.07.22 20:12:11.800,0.74545,0.74589,1.69,2.44
2013.07.22 20:12:14.400,0.74536,0.74589,1.50,2.44
2013.07.22 20:12:14.579,0.7453,0.74585,1.69,1.69
2013.07.22 20:12:14.760,0.7453,0.74588,1.69,1.69
2013.07.22 20:12:17.940,0.7453,0.74575,1.69,1.13
2013.07.22 20:12:18.000,0.74519,0.74571,1.69,2.44
2013.07.22 20:12:18.692,0.74525,0.74566,1.69,1.32
2013.07.22 20:12:18.809,0.74518,0.74564,1.69,1.32
2013.07.22 20:12:18.930,0.74542,0.74576,1.69,1.69
2013.07.22 20:12:19.049,0.74547,0.74581,1.69,1.69
2013.07.22 20:12:19.110,0.74543,0.74573,1.35,1.32
2013.07.22 20:12:19.290,0.74523,0.74567,2.44,1.32
2013.07.22 20:12:19.351,0.74541,0.74567,1.50,1.32
2013.07.22 20:12:19.571,0.74533,0.74569,1.69,2.44
2013.07.22 20:12:19.630,0.74526,0.74566,1.50,1.32
2013.07.22 20:12:20.188,0.7452,0.74565,1.69,2.07
2013.07.22 20:12:20.250,0.74512,0.74558,1.69,1.13
2013.07.22 20:12:20.369,0.74535,0.74562,1.50,1.32
2013.07.22 20:12:20.490,0.7454,0.74567,1.69,1.13
2013.07.22 20:12:20.790,0.74546,0.74579,1.69,2.44
2013.07.22 20:12:21.739,0.7455,0.74579,1.54,1.50
2013.07.22 20:12:21.800,0.74551,0.74583,1.69,1.32
2013.07.22 20:12:21.859,0.74551,0.74583,1.69,1.32
2013.07.22 20:12:22.469,0.74552,0.74584,1.50,1.32
2013.07.22 20:12:22.529,0.74552,0.7459,1.69,1.69
2013.07.22 20:12:22.589,0.74552,0.7459,1.69,1.32
2013.07.22 20:12:23.100,0.74545,0.74589,1.69,1.69
2013.07.22 20:12:23.159,0.74537,0.74589,1.69,1.69
2013.07.22 20:12:23.280,0.74537,0.74588,1.69,1.69
2013.07.22 20:12:23.861,0.74537,0.74585,1.69,1.50
2013.07.22 20:12:24.880,0.74531,0.74588,1.69,1.69
2013.07.22 20:12:26.229,0.74538,0.74588,1.69,2.44
2013.07.22 20:12:26.434,0.74544,0.74588,1.69,1.69
2013.07.22 20:12:26.945,0.74544,0.74592,1.69,2.44
2013.07.22 20:12:29.211,0.74549,0.74592,1.69,1.69
2013.07.22 20:12:29.331,0.74549,0.74593,1.69,1.32
2013.07.22 20:12:29.389,0.74549,0.74594,1.69,1.32
2013.07.22 20:12:29.721,0.74548,0.74599,1.69,1.69
2013.07.22 20:12:29.841,0.74548,0.74599,1.69,1.69
2013.07.22 20:12:33.272,0.74553,0.74596,1.69,1.50
2013.07.22 20:12:34.982,0.74549,0.74593,1.69,1.69
2013.07.22 20:12:35.518,0.74549,0.74596,1.69,1.69
2013.07.22 20:12:35.801,0.74549,0.74595,1.69,1.69
2013.07.22 20:12:36.789,0.74546,0.74596,1.69,1.69
2013.07.22 20:12:40.956,0.74545,0.74597,1.69,1.69
2013.07.22 20:12:42.865,0.74542,0.74595,1.69,3.19
2013.07.22 20:12:43.049,0.74542,0.74592,1.69,1.69
2013.07.22 20:12:44.429,0.74542,0.74588,1.69,1.69
2013.07.22 20:12:44.930,0.74541,0.74587,1.69,1.69
2013.07.22 20:12:45.470,0.74537,0.74589,1.69,1.69
2013.07.22 20:12:46.330,0.74537,0.74588,1.69,1.69
2013.07.22 20:12:47.841,0.74537,0.74588,1.69,1.69
2013.07.22 20:12:48.020,0.74534,0.74583,1.69,1.69
2013.07.22 20:12:48.492,0.74534,0.74581,1.69,1.69
2013.07.22 20:12:50.319,0.74534,0.74583,1.69,1.69
2013.07.22 20:12:51.358,0.74534,0.74584,1.69,1.32
2013.07.22 20:12:52.419,0.74536,0.74584,1.69,1.32
2013.07.22 20:12:52.549,0.7454,0.74584,1.69,1.13
2013.07.22 20:12:52.669,0.7454,0.74584,1.69,1.13
2013.07.22 20:12:53.402,0.7454,0.7459,1.69,1.69
2013.07.22 20:12:53.460,0.7454,0.7459,1.69,1.69
2013.07.22 20:12:53.640,0.7453,0.74571,1.69,1.13
2013.07.22 20:12:54.000,0.74535,0.74578,1.32,1.88
2013.07.22 20:12:54.060,0.74535,0.74578,1.69,1.13
2013.07.22 20:12:54.119,0.74535,0.74578,1.69,1.13
2013.07.22 20:12:54.479,0.74535,0.74581,1.32,1.69
2013.07.22 20:12:54.600,0.74525,0.74582,1.69,1.69
2013.07.22 20:12:54.720,0.74532,0.74582,1.50,1.69
2013.07.22 20:12:55.090,0.74531,0.74585,1.50,2.07
2013.07.22 20:12:55.269,0.74531,0.74585,1.50,1.69
2013.07.22 20:12:55.329,0.74531,0.74592,1.69,1.69
2013.07.22 20:12:56.735,0.74539,0.74594,1.69,1.69
2013.07.22 20:12:57.419,0.7454,0.74594,1.69,1.50
2013.07.22 20:13:00.105,0.7454,0.74594,1.69,1.50
2013.07.22 20:13:01.050,0.74534,0.74594,1.69,1.69
2013.07.22 20:13:01.110,0.74534,0.74594,1.69,1.69
2013.07.22 20:13:01.170,0.74534,0.74588,1.69,1.50
2013.07.22 20:13:01.529,0.74516,0.74583,1.69,1.69
2013.07.22 20:13:01.932,0.7452,0.74583,1.69,1.69
2013.07.22 20:13:02.696,0.7452,0.74583,1.69,1.69
2013.07.22 20:13:05.811,0.74521,0.74584,1.69,1.69
2013.07.22 20:13:06.260,0.74513,0.74581,1.69,2.44
2013.07.22 20:13:06.650,0.74519,0.74584,1.69,1.69
2013.07.22 20:13:06.930,0.74522,0.74584,1.69,1.69
2013.07.22 20:13:06.989,0.74522,0.74584,1.69,1.69
2013.07.22 20:13:07.480,0.74536,0.74587,1.69,1.69
2013.07.22 20:13:08.850,0.74527,0.74587,1.69,2.44
2013.07.22 20:13:09.030,0.74523,0.74579,1.69,1.69
2013.07.22 20:13:09.150,0.74523,0.74579,1.69,2.44
2013.07.22 20:13:09.419,0.74531,0.74579,1.50,2.44
2013.07.22 20:13:09.599,0.74531,0.74579,1.69,1.69
2013.07.22 20:13:09.660,0.74531,0.7458,1.69,2.07
2013.07.22 20:13:09.840,0.74529,0.7458,1.69,2.07
2013.07.22 20:13:10.020,0.74515,0.74573,1.69,1.69
2013.07.22 20:13:10.569,0.74514,0.74573,1.69,1.69
2013.07.22 20:13:12.661,0.74515,0.74575,1.69,1.69
2013.07.22 20:13:14.939,0.74522,0.74576,2.44,1.69
2013.07.22 20:13:15.610,0.74526,0.74576,1.69,1.69
2013.07.22 20:13:16.730,0.74527,0.74578,1.69,2.07
2013.07.22 20:13:17.030,0.7453,0.74583,1.69,1.69
2013.07.22 20:13:24.638,0.74533,0.74588,1.69,2.44
2013.07.22 20:13:24.999,0.74527,0.74584,1.69,1.69
2013.07.22 20:13:25.060,0.74527,0.74584,1.69,1.69
2013.07.22 20:13:25.502,0.74527,0.74584,1.69,1.69
2013.07.22 20:13:26.170,0.74518,0.7458,1.69,1.69
2013.07.22 20:13:26.920,0.74518,0.74583,1.69,2.44
2013.07.22 20:13:27.841,0.74522,0.74583,1.69,2.44
2013.07.22 20:13:29.338,0.74526,0.74583,1.69,1.69
2013.07.22 20:13:29.910,0.74526,0.74583,1.69,1.69
2013.07.22 20:13:30.031,0.74526,0.74583,1.69,1.69
2013.07.22 20:13:30.331,0.74526,0.74583,1.69,1.69
2013.07.22 20:13:31.289,0.74526,0.74583,1.69,1.69
2013.07.22 20:13:31.351,0.7453,0.74583,1.69,1.50
2013.07.22 20:13:38.689,0.74534,0.74585,1.69,1.50
2013.07.22 20:13:38.910,0.74534,0.74589,1.69,1.88
2013.07.22 20:13:38.969,0.74528,0.74586,1.69,1.69
2013.07.22 20:13:39.209,0.74532,0.74587,1.69,1.69
2013.07.22 20:13:43.331,0.74532,0.74587,1.69,1.69
2013.07.22 20:13:48.868,0.74529,0.74584,1.69,1.69
2013.07.22 20:13:50.771,0.74527,0.74586,1.69,1.69
2013.07.22 20:13:52.900,0.74531,0.74589,1.69,1.69
2013.07.22 20:13:53.600,0.74531,0.74589,1.69,1.69
2013.07.22 20:13:54.291,0.74526,0.74583,2.44,1.69
2013.07.22 20:13:54.350,0.74526,0.74583,2.44,1.69
2013.07.22 20:13:56.380,0.74526,0.7458,1.69,1.69
2013.07.22 20:14:00.329,0.74522,0.74577,1.69,1.69
2013.07.22 20:14:00.710,0.74521,0.74575,1.69,1.69
2013.07.22 20:14:00.771,0.74521,0.74575,1.69,1.69
2013.07.22 20:14:01.759,0.74521,0.74576,2.44,1.69
2013.07.22 20:14:02.592,0.74521,0.74578,2.44,1.69
2013.07.22 20:14:03.100,0.74529,0.74579,1.69,1.69
2013.07.22 20:14:06.099,0.74529,0.74582,1.69,2.44
2013.07.22 20:14:06.960,0.74525,0.74582,1.69,2.44
2013.07.22 20:14:07.209,0.74527,0.74582,1.69,2.44
2013.07.22 20:14:10.351,0.74531,0.74582,1.69,1.69
2013.07.22 20:14:12.710,0.74531,0.74574,1.69,1.13
2013.07.22 20:14:13.050,0.74527,0.74572,1.69,1.69
2013.07.22 20:14:13.110,0.74522,0.74572,1.69,1.69
2013.07.22 20:14:13.600,0.7452,0.74567,1.69,1.69
2013.07.22 20:14:13.890,0.74515,0.74567,1.69,1.69
2013.07.22 20:14:14.210,0.74504,0.7456,1.58,1.69
2013.07.22 20:14:14.529,0.74503,0.7456,1.58,1.69
2013.07.22 20:14:15.079,0.74504,0.74565,1.58,1.32
2013.07.22 20:14:15.349,0.74504,0.74565,1.58,1.32
2013.07.22 20:14:15.409,0.74504,0.74565,1.58,1.32
2013.07.22 20:14:15.470,0.7451,0.74565,1.02,1.32
2013.07.22 20:14:15.680,0.74504,0.74555,1.58,1.69
2013.07.22 20:14:16.009,0.74504,0.74563,1.58,1.13
2013.07.22 20:14:16.069,0.74504,0.74563,1.58,1.13
2013.07.22 20:14:16.250,0.7451,0.74563,1.77,1.32
2013.07.22 20:14:16.310,0.7451,0.74568,1.77,1.69
2013.07.22 20:14:16.450,0.74504,0.74555,1.58,1.69
2013.07.22 20:14:16.669,0.74504,0.74563,1.58,1.13
2013.07.22 20:14:16.729,0.74504,0.74563,1.58,1.13
2013.07.22 20:14:16.833,0.74504,0.74563,1.58,1.13
2013.07.22 20:14:16.901,0.74509,0.74563,1.77,1.32
2013.07.22 20:14:17.219,0.7451,0.74567,1.02,2.44
2013.07.22 20:14:17.411,0.7451,0.74567,1.02,1.69
2013.07.22 20:14:17.769,0.7451,0.74567,1.02,1.69
2013.07.22 20:14:17.851,0.7451,0.74567,1.02,1.69
2013.07.22 20:14:18.619,0.7451,0.74567,1.02,1.69
2013.07.22 20:14:18.979,0.74506,0.74567,1.58,1.32
2013.07.22 20:14:19.039,0.74506,0.74563,1.58,1.13
2013.07.22 20:14:19.459,0.74511,0.74569,1.69,1.69
2013.07.22 20:14:19.579,0.74511,0.74569,1.69,1.69
2013.07.22 20:14:19.639,0.74511,0.74569,1.69,1.69
2013.07.22 20:14:19.889,0.74511,0.74569,1.69,1.69
2013.07.22 20:14:20.460,0.74511,0.74568,1.69,1.32
2013.07.22 20:14:20.861,0.74511,0.74569,1.69,1.69
2013.07.22 20:14:20.979,0.74511,0.74569,1.69,1.69
2013.07.22 20:14:22.121,0.74511,0.74569,1.69,1.69
2013.07.22 20:14:22.439,0.74532,0.74568,1.50,2.25
2013.07.22 20:14:22.620,0.74535,0.74574,1.69,1.32
2013.07.22 20:14:22.761,0.74532,0.74573,1.50,1.32
2013.07.22 20:14:23.120,0.74527,0.74577,1.69,2.07
2013.07.22 20:14:23.301,0.74527,0.74577,1.69,1.69
2013.07.22 20:14:23.443,0.74524,0.74577,1.69,1.69
2013.07.22 20:14:23.510,0.74522,0.74571,1.69,2.07
2013.07.22 20:14:23.573,0.74521,0.74565,1.69,1.69
2013.07.22 20:14:24.179,0.74521,0.74565,1.69,1.69
2013.07.22 20:14:24.419,0.74521,0.74565,1.69,1.69
2013.07.22 20:14:24.809,0.74521,0.74567,2.44,1.32
2013.07.22 20:14:24.935,0.74521,0.74567,2.44,1.32
2013.07.22 20:14:28.444,0.74521,0.74567,1.69,1.32
2013.07.22 20:14:29.749,0.74522,0.74567,1.69,1.32
2013.07.22 20:14:30.911,0.74522,0.74566,1.69,1.69
2013.07.22 20:14:30.970,0.74522,0.74566,1.69,1.69
2013.07.22 20:14:31.090,0.74522,0.74566,1.69,1.69
2013.07.22 20:14:31.770,0.74522,0.74566,1.69,1.69
2013.07.22 20:14:32.921,0.74522,0.74567,1.69,1.32
2013.07.22 20:14:33.731,0.74522,0.74567,2.44,1.32
2013.07.22 20:14:34.350,0.74522,0.74567,2.44,1.69
2013.07.22 20:14:37.710,0.74522,0.74564,1.69,1.69
2013.07.22 20:14:38.070,0.74512,0.74563,1.69,1.69
2013.07.22 20:14:38.151,0.74512,0.74563,1.69,1.69
2013.07.22 20:14:38.500,0.74512,0.7456,1.69,1.69
2013.07.22 20:14:41.079,0.74512,0.74563,1.69,1.69
2013.07.22 20:14:41.439,0.74498,0.74558,1.65,1.69
2013.07.22 20:14:42.801,0.74507,0.74556,1.02,1.69
2013.07.22 20:14:42.946,0.74527,0.74562,2.44,1.32
2013.07.22 20:14:43.014,0.74527,0.74562,2.44,1.32
2013.07.22 20:14:43.261,0.74527,0.74565,1.50,1.69
2013.07.22 20:14:43.440,0.7451,0.74566,1.39,1.32
2013.07.22 20:14:43.620,0.74509,0.74562,1.02,1.69
2013.07.22 20:14:43.680,0.74521,0.74563,1.50,1.69
2013.07.22 20:14:43.739,0.74521,0.74564,1.50,1.69
2013.07.22 20:14:43.859,0.74513,0.74563,1.69,1.32
2013.07.22 20:14:43.920,0.74513,0.74563,1.69,1.69
2013.07.22 20:14:44.230,0.74522,0.74563,1.50,2.07
2013.07.22 20:14:44.440,0.74513,0.74562,1.69,1.69
2013.07.22 20:14:44.559,0.74513,0.74562,1.69,1.69
2013.07.22 20:14:44.620,0.74522,0.74563,1.50,2.07
2013.07.22 20:14:45.004,0.74515,0.74563,1.69,1.69
2013.07.22 20:14:45.179,0.74521,0.74563,1.50,1.32
2013.07.22 20:14:45.760,0.74522,0.74564,1.69,1.32
2013.07.22 20:14:45.820,0.74522,0.74564,1.69,1.32
2013.07.22 20:14:46.180,0.74522,0.74565,1.69,1.69
2013.07.22 20:14:46.719,0.74522,0.74565,1.69,1.69
2013.07.22 20:14:47.021,0.74518,0.74565,1.69,1.32
2013.07.22 20:14:47.260,0.74522,0.74563,1.50,1.69
2013.07.22 20:14:47.320,0.74514,0.74562,1.69,1.69
2013.07.22 20:14:47.440,0.74509,0.7456,1.02,1.69
2013.07.22 20:14:47.560,0.74508,0.74557,1.02,1.69
2013.07.22 20:14:47.740,0.74511,0.74567,1.69,1.32
2013.07.22 20:14:47.992,0.74511,0.74572,1.69,2.44
2013.07.22 20:14:48.170,0.74537,0.74576,2.44,2.44
2013.07.22 20:14:48.290,0.74537,0.74576,2.44,2.44
2013.07.22 20:14:48.470,0.74537,0.74574,1.69,1.69
2013.07.22 20:14:48.590,0.74512,0.74569,1.69,1.69
2013.07.22 20:14:48.712,0.74515,0.74579,1.69,2.44
2013.07.22 20:14:48.891,0.74515,0.74579,1.69,1.69
2013.07.22 20:14:49.497,0.74515,0.74578,1.69,1.69
2013.07.22 20:14:50.511,0.74515,0.74578,1.69,3.19
2013.07.22 20:14:50.630,0.74519,0.74578,1.69,1.69
2013.07.22 20:14:50.940,0.74524,0.7458,1.69,1.69
2013.07.22 20:14:51.120,0.74528,0.74582,1.69,1.69
2013.07.22 20:14:51.721,0.74522,0.74582,1.69,1.69
2013.07.22 20:14:52.039,0.74514,0.74578,1.69,1.32
2013.07.22 20:14:52.340,0.74527,0.74582,1.69,1.69
2013.07.22 20:14:52.690,0.74526,0.74582,1.69,1.69
2013.07.22 20:15:00.950,0.74526,0.74577,1.69,1.69
2013.07.22 20:15:01.290,0.74559,0.74582,0.75,2.07
2013.07.22 20:15:01.530,0.74517,0.74582,1.69,2.07
2013.07.22 20:15:01.650,0.74517,0.74577,1.69,1.69
2013.07.22 20:15:01.890,0.74537,0.74582,1.69,1.32
2013.07.22 20:15:02.070,0.74533,0.74584,1.69,1.69
2013.07.22 20:15:02.490,0.74521,0.74579,1.69,1.69
2013.07.22 20:15:03.271,0.74521,0.74577,1.69,1.69
2013.07.22 20:15:07.209,0.7453,0.74583,1.69,1.32
2013.07.22 20:15:14.799,0.7454,0.74583,1.69,1.13
2013.07.22 20:15:15.159,0.74528,0.74581,1.69,1.69
2013.07.22 20:15:21.081,0.74534,0.74584,1.69,1.32
2013.07.22 20:15:21.968,0.74544,0.74587,1.69,1.13
2013.07.22 20:15:24.870,0.74543,0.74587,1.69,1.13
2013.07.22 20:15:24.990,0.7453,0.74583,1.69,1.69
2013.07.22 20:15:25.200,0.7453,0.74583,1.69,1.69
2013.07.22 20:15:31.122,0.7453,0.74581,1.69,1.69
2013.07.22 20:15:35.440,0.74541,0.74586,1.50,2.82
2013.07.22 20:15:35.560,0.74541,0.74587,1.69,1.32
2013.07.22 20:15:35.620,0.74557,0.74586,1.13,2.44
2013.07.22 20:15:35.930,0.74527,0.74579,1.69,1.69
2013.07.22 20:15:36.240,0.74529,0.74583,1.69,1.69
2013.07.22 20:15:36.981,0.74529,0.74583,1.69,1.69
2013.07.22 20:15:38.006,0.7453,0.74581,1.69,1.69
2013.07.22 20:15:38.760,0.74542,0.74588,1.69,1.32
2013.07.22 20:15:38.820,0.74542,0.74588,1.69,1.32
2013.07.22 20:15:39.920,0.74542,0.74588,1.69,1.32
2013.07.22 20:15:40.536,0.74541,0.74587,1.69,1.32
2013.07.22 20:15:48.950,0.74534,0.74586,1.69,1.69
2013.07.22 20:15:49.031,0.74534,0.74586,1.69,1.69
2013.07.22 20:15:49.150,0.74534,0.74586,1.69,1.69
2013.07.22 20:15:49.490,0.7453,0.74582,1.69,1.69
2013.07.22 20:15:49.550,0.7453,0.74582,1.69,1.69
2013.07.22 20:15:50.021,0.7453,0.74582,1.69,1.69
2013.07.22 20:15:50.451,0.74529,0.74579,1.69,1.69
2013.07.22 20:15:50.700,0.74541,0.74585,1.50,1.32
2013.07.22 20:15:51.139,0.74541,0.74588,1.50,1.32
2013.07.22 20:15:51.199,0.74543,0.74589,1.69,2.07
2013.07.22 20:15:51.380,0.74543,0.74589,1.69,1.69
2013.07.22 20:15:51.690,0.74541,0.74588,1.69,1.32
2013.07.22 20:15:51.810,0.74533,0.74585,1.69,1.32
2013.07.22 20:15:52.266,0.74529,0.74583,1.69,1.69
2013.07.22 20:15:52.390,0.7452,0.74579,1.69,1.69
2013.07.22 20:15:52.570,0.7452,0.74579,1.69,2.07
2013.07.22 20:15:52.641,0.7452,0.74579,1.69,2.07
2013.07.22 20:15:52.880,0.74532,0.74582,1.69,1.69
2013.07.22 20:15:53.180,0.74536,0.74584,1.69,1.69
2013.07.22 20:15:53.730,0.74532,0.74582,1.69,1.69
2013.07.22 20:15:53.850,0.74532,0.74582,1.69,1.69
2013.07.22 20:15:54.029,0.74528,0.74578,1.69,1.69
2013.07.22 20:15:54.210,0.74536,0.74584,1.69,1.69
2013.07.22 20:15:54.390,0.74538,0.74586,1.69,1.32
2013.07.22 20:15:54.590,0.74538,0.74587,1.69,1.69
2013.07.22 20:15:55.110,0.74536,0.74587,1.69,1.69
2013.07.22 20:15:55.881,0.7454,0.74587,1.69,1.32
2013.07.22 20:15:55.999,0.7454,0.74588,1.69,2.07
2013.07.22 20:15:56.059,0.74536,0.74585,1.69,1.69
2013.07.22 20:15:56.612,0.74536,0.74585,1.69,1.69
2013.07.22 20:15:57.011,0.74533,0.74585,1.69,1.69
2013.07.22 20:15:57.414,0.74533,0.74585,1.69,1.69
2013.07.22 20:15:58.060,0.74531,0.74583,1.69,1.69
2013.07.22 20:16:03.160,0.74544,0.74587,1.69,1.13
2013.07.22 20:16:06.176,0.74537,0.74586,1.69,1.69
2013.07.22 20:16:07.181,0.74536,0.74585,1.69,1.69
2013.07.22 20:16:07.881,0.7454,0.74588,1.69,2.07
2013.07.22 20:16:11.160,0.74543,0.74588,1.69,1.32
2013.07.22 20:16:11.219,0.74543,0.74588,1.69,1.32
2013.07.22 20:16:11.340,0.74535,0.74588,1.69,1.69
2013.07.22 20:16:11.691,0.74541,0.74589,1.69,1.69
2013.07.22 20:16:11.900,0.74552,0.74594,1.50,1.32
2013.07.22 20:16:12.080,0.74552,0.74594,1.50,1.32
2013.07.22 20:16:12.482,0.74552,0.74595,1.69,1.32
2013.07.22 20:16:12.999,0.74544,0.74594,1.69,1.69
2013.07.22 20:16:13.061,0.74544,0.74594,1.69,1.69
2013.07.22 20:16:14.060,0.74551,0.74594,1.69,1.32
2013.07.22 20:16:14.120,0.74565,0.74594,1.13,1.32
2013.07.22 20:16:14.430,0.74541,0.74591,1.69,1.69
2013.07.22 20:16:14.741,0.74537,0.74588,1.69,1.69
2013.07.22 20:16:14.800,0.74537,0.74588,1.69,1.69
2013.07.22 20:16:14.860,0.74537,0.74588,1.69,1.69
2013.07.22 20:16:15.200,0.74547,0.74591,1.50,1.32
2013.07.22 20:16:15.460,0.74548,0.74593,1.69,1.32
2013.07.22 20:16:16.190,0.74541,0.7459,1.69,1.69
2013.07.22 20:16:17.281,0.74541,0.7459,1.69,1.69
2013.07.22 20:16:17.340,0.7454,0.74588,1.69,1.69
2013.07.22 20:16:18.010,0.7454,0.74589,1.69,1.69
2013.07.22 20:16:18.070,0.74536,0.74589,1.69,1.69
2013.07.22 20:16:18.450,0.74546,0.74591,1.50,1.32
2013.07.22 20:16:18.510,0.74546,0.74592,1.50,1.32
2013.07.22 20:16:18.840,0.74546,0.74592,1.50,1.32
2013.07.22 20:16:19.031,0.74546,0.74594,2.44,2.07
2013.07.22 20:16:20.090,0.74546,0.74593,1.69,1.32
2013.07.22 20:16:20.491,0.74539,0.74589,1.69,1.69
2013.07.22 20:16:22.090,0.74535,0.74588,1.69,1.69
2013.07.22 20:16:22.210,0.74546,0.74591,1.50,1.32
2013.07.22 20:16:23.051,0.74546,0.74594,2.44,2.07
2013.07.22 20:16:24.170,0.74546,0.74594,1.69,2.07
2013.07.22 20:16:24.751,0.74542,0.74591,1.69,1.32
2013.07.22 20:16:25.251,0.7454,0.74588,1.69,1.69
2013.07.22 20:16:25.852,0.74533,0.74588,1.69,1.69
2013.07.22 20:16:26.410,0.74541,0.74589,1.69,1.69
2013.07.22 20:16:26.470,0.74546,0.7459,1.50,1.32
2013.07.22 20:16:26.590,0.74561,0.74594,1.13,2.07
2013.07.22 20:16:26.710,0.74546,0.74594,1.69,2.07
2013.07.22 20:16:27.120,0.74545,0.74593,1.69,1.32
2013.07.22 20:16:27.300,0.74542,0.74591,1.69,2.07
2013.07.22 20:16:27.495,0.74542,0.74591,1.69,1.32
2013.07.22 20:16:27.881,0.74545,0.74593,1.69,1.32
2013.07.22 20:16:29.565,0.74548,0.74594,1.69,1.32
2013.07.22 20:16:29.868,0.74544,0.74593,1.69,1.32
2013.07.22 20:16:35.621,0.74552,0.74593,1.69,1.13
2013.07.22 20:16:36.422,0.74553,0.74593,1.69,1.13
2013.07.22 20:16:36.869,0.74542,0.74593,1.69,2.07
2013.07.22 20:16:37.820,0.74537,0.74588,1.69,1.69
2013.07.22 20:16:37.880,0.74537,0.74588,1.69,1.69
2013.07.22 20:16:47.291,0.7455,0.7459,1.69,1.13
2013.07.22 20:16:51.030,0.7454,0.7459,1.69,1.32
2013.07.22 20:16:54.313,0.74548,0.74592,1.69,1.13
2013.07.22 20:16:54.856,0.74541,0.74592,1.69,2.07
2013.07.22 20:16:55.250,0.74545,0.74593,1.69,1.32
2013.07.22 20:16:56.321,0.74543,0.74593,1.69,2.07
2013.07.22 20:16:56.490,0.74548,0.74593,1.69,1.32
2013.07.22 20:17:00.650,0.7455,0.74594,1.69,1.32
2013.07.22 20:17:00.710,0.7455,0.74594,1.69,1.32
2013.07.22 20:17:01.032,0.74542,0.74593,2.44,1.69
2013.07.22 20:17:03.270,0.74542,0.74593,2.44,3.57
2013.07.22 20:17:12.471,0.74551,0.74593,1.69,1.13
2013.07.22 20:17:12.926,0.74542,0.74592,1.69,2.44
2013.07.22 20:17:14.531,0.74545,0.74593,1.69,1.32
2013.07.22 20:17:20.745,0.74546,0.74594,1.69,1.32
2013.07.22 20:17:21.042,0.74546,0.74594,1.69,1.32
2013.07.22 20:17:22.261,0.74557,0.74594,1.69,1.13
2013.07.22 20:17:24.890,0.74542,0.74593,2.44,3.19
2013.07.22 20:17:27.273,0.74547,0.74593,1.69,1.32
2013.07.22 20:17:30.174,0.74551,0.74593,1.69,1.13
2013.07.22 20:17:38.913,0.74547,0.74593,1.69,1.32
2013.07.22 20:17:41.221,0.7455,0.74593,1.69,1.32
2013.07.22 20:17:41.341,0.7455,0.74592,1.69,1.32
2013.07.22 20:17:42.332,0.74545,0.74588,1.69,1.32
2013.07.22 20:17:44.197,0.74546,0.74588,1.69,1.13
2013.07.22 20:17:46.841,0.7455,0.74589,1.69,1.13
2013.07.22 20:17:47.000,0.74542,0.74589,1.69,1.32
2013.07.22 20:17:49.648,0.74537,0.74589,1.69,1.69
2013.07.22 20:17:49.980,0.74532,0.74584,1.69,1.69
2013.07.22 20:17:50.360,0.74538,0.74588,1.69,1.69
2013.07.22 20:17:51.361,0.7454,0.74588,1.69,1.69
2013.07.22 20:17:53.110,0.74544,0.74589,1.69,1.32
2013.07.22 20:18:01.482,0.7455,0.74589,1.69,1.13
2013.07.22 20:18:01.876,0.7455,0.74589,1.69,1.13
2013.07.22 20:18:02.730,0.7455,0.74589,1.69,1.13
2013.07.22 20:18:03.246,0.74557,0.74594,1.69,1.13
2013.07.22 20:18:04.187,0.74551,0.74593,1.69,1.32
2013.07.22 20:18:04.850,0.74551,0.74593,1.32,1.32
2013.07.22 20:18:05.365,0.74551,0.74594,1.69,1.32
2013.07.22 20:18:06.259,0.74555,0.74594,1.69,1.13
2013.07.22 20:18:06.730,0.74556,0.74599,1.32,2.44
2013.07.22 20:18:07.257,0.74559,0.74597,1.32,1.32
2013.07.22 20:18:07.560,0.74552,0.74591,1.32,1.32
2013.07.22 20:18:07.620,0.74552,0.74591,1.32,1.32
2013.07.22 20:18:07.922,0.74552,0.74591,1.69,1.32
2013.07.22 20:18:08.570,0.74552,0.74591,1.32,1.32
2013.07.22 20:18:09.089,0.74552,0.74591,1.32,1.32
2013.07.22 20:18:10.151,0.74561,0.74591,1.13,1.32
2013.07.22 20:18:10.210,0.74561,0.74592,1.13,1.32
2013.07.22 20:18:10.810,0.74554,0.74592,1.69,1.32
2013.07.22 20:18:11.272,0.74555,0.74591,1.69,1.32
2013.07.22 20:18:11.490,0.74555,0.74593,1.32,1.32
2013.07.22 20:18:11.561,0.74555,0.74591,1.69,1.32
2013.07.22 20:18:11.850,0.74549,0.74592,1.69,2.07
2013.07.22 20:18:12.801,0.74543,0.74588,1.69,1.69
2013.07.22 20:18:13.356,0.7454,0.74588,1.69,1.69
2013.07.22 20:18:14.460,0.74537,0.74588,1.69,1.69
2013.07.22 20:18:14.580,0.74537,0.74588,1.69,2.44
2013.07.22 20:18:15.141,0.74537,0.74585,1.69,1.69
2013.07.22 20:18:24.250,0.74544,0.74588,1.69,1.69
2013.07.22 20:18:26.661,0.74549,0.74588,1.69,1.50
2013.07.22 20:18:28.600,0.74549,0.74588,1.69,1.50
2013.07.22 20:18:28.730,0.74549,0.74589,1.69,1.13
2013.07.22 20:18:28.911,0.74552,0.7459,1.69,1.13
2013.07.22 20:18:28.970,0.74539,0.7459,1.69,1.32
2013.07.22 20:18:29.333,0.74546,0.74597,1.69,1.69
2013.07.22 20:18:29.450,0.74552,0.74603,1.50,1.69
2013.07.22 20:18:31.142,0.74547,0.74603,1.69,1.69
2013.07.22 20:18:33.460,0.74549,0.74604,1.69,1.69
2013.07.22 20:18:37.060,0.74544,0.74601,1.69,1.69
2013.07.22 20:18:37.361,0.74541,0.74599,1.69,1.69
2013.07.22 20:18:38.260,0.74531,0.74598,1.50,3.19
2013.07.22 20:18:38.381,0.74531,0.74592,1.50,1.69
2013.07.22 20:18:38.472,0.74531,0.74596,1.50,1.69
2013.07.22 20:18:38.651,0.74537,0.74596,1.69,1.69
2013.07.22 20:18:39.010,0.74536,0.74592,1.69,2.07
2013.07.22 20:18:39.491,0.74536,0.74592,1.69,2.07
2013.07.22 20:18:39.611,0.74536,0.74592,1.69,2.07
2013.07.22 20:18:39.820,0.74536,0.74592,1.69,1.69
2013.07.22 20:18:42.312,0.74536,0.74593,1.69,1.69
2013.07.22 20:18:42.370,0.7454,0.74594,1.69,1.69
2013.07.22 20:18:42.430,0.7454,0.74596,1.69,1.69
2013.07.22 20:18:42.670,0.7454,0.74597,1.69,1.69
2013.07.22 20:18:43.670,0.74533,0.74596,1.50,3.19
2013.07.22 20:18:44.060,0.74533,0.74596,1.50,1.69
2013.07.22 20:18:44.621,0.74533,0.74596,1.50,1.69
2013.07.22 20:18:44.680,0.74533,0.74583,1.50,1.69
2013.07.22 20:18:45.960,0.74531,0.74584,1.50,1.69
2013.07.22 20:18:48.131,0.7453,0.74584,1.50,1.69
2013.07.22 20:18:48.710,0.74529,0.74572,1.50,1.69
2013.07.22 20:18:49.170,0.74532,0.74579,1.50,2.44
2013.07.22 20:18:49.230,0.74532,0.74583,1.50,1.69
2013.07.22 20:18:49.290,0.74536,0.74585,1.69,1.32
2013.07.22 20:18:52.166,0.74537,0.74587,1.69,1.69
2013.07.22 20:18:52.230,0.74537,0.74591,2.44,1.32
2013.07.22 20:18:53.011,0.74537,0.74592,2.44,2.44
2013.07.22 20:18:53.571,0.74541,0.74594,1.69,1.69
2013.07.22 20:19:00.287,0.7455,0.74598,1.69,1.69
2013.07.22 20:19:00.490,0.7455,0.74598,1.69,1.69
2013.07.22 20:19:01.791,0.7455,0.74598,1.69,1.69
2013.07.22 20:19:03.981,0.7455,0.74598,1.69,1.69
2013.07.22 20:19:05.192,0.7455,0.74598,1.69,1.50
2013.07.22 20:19:05.500,0.74556,0.746,1.50,1.32
2013.07.22 20:19:06.271,0.74556,0.74597,1.50,1.69
2013.07.22 20:19:06.660,0.74549,0.74599,1.69,1.69
2013.07.22 20:19:07.002,0.74549,0.74599,1.69,1.69
2013.07.22 20:19:08.540,0.7454,0.74593,1.69,1.69
2013.07.22 20:19:10.611,0.74538,0.74593,1.69,1.69
2013.07.22 20:19:13.608,0.74539,0.74591,1.69,1.69
2013.07.22 20:19:15.611,0.74539,0.74591,1.69,1.69
2013.07.22 20:19:17.370,0.74547,0.74598,1.69,1.69
2013.07.22 20:19:18.493,0.74547,0.746,1.69,1.69
2013.07.22 20:19:18.811,0.74542,0.74596,1.69,1.69
2013.07.22 20:19:19.824,0.74543,0.74597,1.69,1.69
2013.07.22 20:19:20.186,0.74529,0.74593,1.50,1.69
2013.07.22 20:19:20.450,0.7453,0.74597,1.50,1.69
2013.07.22 20:19:20.630,0.7453,0.746,1.50,2.82
2013.07.22 20:19:20.750,0.74536,0.74596,1.50,1.32
2013.07.22 20:19:20.960,0.74545,0.746,1.69,1.32
2013.07.22 20:19:21.021,0.74545,0.74601,1.69,1.32
2013.07.22 20:19:21.200,0.74552,0.74608,1.69,1.69
2013.07.22 20:19:21.390,0.74552,0.74608,1.69,2.44
2013.07.22 20:19:26.253,0.74552,0.746,1.69,1.69
2013.07.22 20:19:26.610,0.74556,0.74602,1.69,1.32
2013.07.22 20:19:26.686,0.74556,0.74602,1.69,1.32
2013.07.22 20:19:26.910,0.74581,0.74605,1.13,1.32
2013.07.22 20:19:27.380,0.74581,0.74607,1.13,1.32
2013.07.22 20:19:27.441,0.74567,0.74605,1.69,1.32
2013.07.22 20:19:27.560,0.74567,0.74605,1.69,1.32
2013.07.22 20:19:27.680,0.74567,0.74605,1.69,1.32
2013.07.22 20:19:28.210,0.74566,0.74606,2.44,1.32
2013.07.22 20:19:28.514,0.74571,0.74603,1.32,1.32
2013.07.22 20:19:28.690,0.74567,0.74603,1.69,1.32
2013.07.22 20:19:28.810,0.74567,0.74606,2.07,1.32
2013.07.22 20:19:29.170,0.74566,0.74602,1.32,1.32
2013.07.22 20:19:29.480,0.74568,0.74604,1.69,1.32
2013.07.22 20:19:29.540,0.74572,0.74606,1.69,1.32
2013.07.22 20:19:29.800,0.74567,0.74605,1.69,1.32
2013.07.22 20:19:29.861,0.74582,0.74605,1.13,1.32
2013.07.22 20:19:30.410,0.74571,0.74607,1.32,1.32
2013.07.22 20:19:35.356,0.74571,0.74605,1.32,1.32
2013.07.22 20:19:36.361,0.74578,0.74609,1.32,1.69
2013.07.22 20:19:36.420,0.74583,0.74612,1.13,1.69
2013.07.22 20:19:36.730,0.74592,0.74612,1.13,1.32
2013.07.22 20:19:36.790,0.74591,0.74619,1.13,1.32
2013.07.22 20:19:37.232,0.74589,0.74619,1.50,1.32
2013.07.22 20:19:37.290,0.74592,0.74622,1.50,1.32
2013.07.22 20:19:37.840,0.74592,0.74622,1.13,1.32
2013.07.22 20:19:38.930,0.74595,0.74623,1.32,1.13
2013.07.22 20:19:39.050,0.746,0.74636,1.69,1.69
2013.07.22 20:19:39.110,0.74602,0.74638,1.69,3.57
2013.07.22 20:19:39.476,0.74607,0.74639,2.07,1.69
2013.07.22 20:19:39.540,0.7461,0.7464,1.88,1.69
2013.07.22 20:19:39.780,0.74604,0.74638,1.32,1.69
2013.07.22 20:19:40.481,0.74603,0.74638,1.32,2.44
2013.07.22 20:19:40.540,0.74601,0.74638,2.07,2.44
2013.07.22 20:19:42.101,0.74602,0.74637,1.32,1.32
2013.07.22 20:19:46.204,0.74604,0.74637,1.32,1.32
2013.07.22 20:19:52.762,0.74601,0.74637,2.07,1.32
2013.07.22 20:19:54.501,0.74607,0.74638,1.13,1.69
2013.07.22 20:19:58.021,0.74608,0.74638,1.13,1.69
2013.07.22 20:20:02.752,0.74606,0.74638,1.32,1.69
2013.07.22 20:20:03.310,0.74602,0.74633,2.07,1.13
2013.07.22 20:20:03.670,0.74598,0.74631,1.69,1.32
2013.07.22 20:20:04.520,0.74599,0.74633,1.69,1.32
2013.07.22 20:20:08.790,0.74602,0.74633,1.69,2.07
2013.07.22 20:20:09.571,0.74602,0.74633,1.69,2.07
2013.07.22 20:20:14.950,0.74598,0.74629,1.69,1.13
2013.07.22 20:20:15.010,0.74598,0.74629,1.69,1.13
2013.07.22 20:20:15.560,0.74596,0.74629,3.19,1.88
2013.07.22 20:20:17.103,0.74599,0.74634,1.69,1.32
2013.07.22 20:20:17.281,0.74603,0.74635,1.13,1.32
2013.07.22 20:20:17.460,0.74601,0.74634,1.69,2.07
2013.07.22 20:20:17.520,0.74598,0.74629,1.69,1.13
2013.07.22 20:20:18.041,0.74596,0.74629,2.44,1.69
2013.07.22 20:20:18.834,0.74596,0.74629,2.44,1.69
2013.07.22 20:20:18.904,0.74605,0.74634,1.50,1.32
2013.07.22 20:20:19.031,0.74598,0.74632,1.69,1.32
2013.07.22 20:20:19.300,0.74597,0.74628,1.69,1.13
2013.07.22 20:20:20.143,0.74597,0.74628,1.69,1.13
2013.07.22 20:20:20.380,0.74604,0.74633,1.13,1.69
2013.07.22 20:20:20.440,0.74602,0.74629,1.32,1.32
2013.07.22 20:20:20.620,0.74598,0.74629,1.69,1.69
2013.07.22 20:20:21.351,0.74598,0.74629,1.69,1.69
2013.07.22 20:20:21.670,0.74601,0.74633,1.69,1.32
2013.07.22 20:20:21.861,0.74605,0.74635,1.50,1.32
2013.07.22 20:20:21.990,0.74603,0.74635,1.50,1.32
2013.07.22 20:20:22.231,0.74603,0.74633,1.13,1.32
2013.07.22 20:20:22.290,0.74599,0.74629,1.69,1.13
2013.07.22 20:20:22.831,0.74602,0.74633,1.69,2.07
2013.07.22 20:20:22.951,0.74602,0.74633,1.69,2.07
2013.07.22 20:20:23.580,0.74602,0.74633,1.69,1.69
2013.07.22 20:20:29.842,0.74601,0.74633,1.69,2.44
2013.07.22 20:20:31.765,0.74602,0.74633,1.69,2.07
2013.07.22 20:20:36.250,0.74598,0.74629,2.44,1.13
2013.07.22 20:20:36.310,0.74596,0.74628,1.69,1.69
2013.07.22 20:20:36.872,0.74596,0.74629,1.69,1.69
2013.07.22 20:20:36.930,0.74598,0.74631,1.69,1.69
2013.07.22 20:20:37.072,0.74604,0.74633,1.13,2.44
2013.07.22 20:20:37.190,0.74605,0.74636,1.69,1.69
2013.07.22 20:20:39.700,0.74602,0.74634,1.69,1.69
2013.07.22 20:20:39.760,0.74602,0.74634,1.69,1.69
2013.07.22 20:20:39.820,0.74599,0.74633,1.69,1.32
2013.07.22 20:20:40.091,0.74598,0.74628,2.07,1.13
2013.07.22 20:20:40.211,0.74595,0.74626,1.13,1.69
2013.07.22 20:20:40.270,0.74586,0.74625,1.69,1.32
2013.07.22 20:20:40.330,0.7458,0.74623,1.69,1.69
2013.07.22 20:20:40.450,0.7458,0.74622,1.69,1.69
2013.07.22 20:20:40.670,0.7458,0.74623,1.69,1.69
2013.07.22 20:20:40.790,0.74559,0.74623,1.69,1.69
2013.07.22 20:20:41.300,0.74555,0.7462,1.69,1.69
2013.07.22 20:20:42.592,0.74555,0.7462,1.69,1.69
2013.07.22 20:20:43.104,0.74555,0.74616,1.69,1.69
2013.07.22 20:20:43.659,0.74554,0.74613,1.69,2.44
2013.07.22 20:20:46.311,0.74569,0.74613,1.69,1.50
2013.07.22 20:20:48.232,0.74569,0.74613,1.69,1.50
2013.07.22 20:20:48.470,0.74569,0.74613,1.69,1.50
2013.07.22 20:20:48.590,0.7457,0.74613,1.69,1.50
2013.07.22 20:20:50.831,0.74573,0.74613,1.69,1.50
2013.07.22 20:20:51.270,0.74569,0.74609,1.69,1.50
2013.07.22 20:20:53.873,0.74571,0.7461,1.69,1.88
2013.07.22 20:20:54.891,0.74571,0.74612,1.69,1.50
2013.07.22 20:20:55.242,0.74567,0.74599,1.69,1.13
2013.07.22 20:20:55.301,0.74567,0.74599,1.69,1.13
2013.07.22 20:20:55.891,0.74565,0.74599,1.32,1.50
2013.07.22 20:20:56.430,0.74565,0.74599,1.69,1.50
2013.07.22 20:20:57.420,0.74565,0.74603,1.69,1.69
2013.07.22 20:20:57.660,0.74568,0.74617,1.69,1.69
2013.07.22 20:20:57.780,0.74572,0.74623,1.69,1.69
2013.07.22 20:20:57.840,0.74572,0.74623,1.69,1.69
2013.07.22 20:20:58.510,0.74576,0.74623,1.69,1.50
2013.07.22 20:20:59.512,0.74576,0.74623,1.69,1.50
2013.07.22 20:21:00.021,0.74578,0.74609,1.69,1.13
2013.07.22 20:21:00.446,0.74575,0.74609,1.69,1.13
2013.07.22 20:21:00.510,0.74567,0.74606,1.69,1.13
2013.07.22 20:21:00.630,0.74567,0.74606,1.69,1.13
2013.07.22 20:21:00.690,0.74567,0.74606,1.69,1.13
2013.07.22 20:21:01.552,0.74567,0.74604,1.69,1.13
2013.07.22 20:21:01.930,0.74568,0.74608,1.69,1.50
2013.07.22 20:21:02.110,0.74568,0.74607,1.69,1.50
2013.07.22 20:21:04.341,0.74569,0.7461,1.69,1.69
2013.07.22 20:21:04.742,0.74569,0.7461,1.69,2.44
2013.07.22 20:21:05.380,0.74571,0.7461,1.69,1.50
2013.07.22 20:21:05.500,0.74571,0.7461,1.69,1.50
2013.07.22 20:21:05.981,0.74573,0.74608,1.69,1.50
2013.07.22 20:21:06.262,0.74573,0.7461,1.69,1.50
2013.07.22 20:21:06.440,0.74576,0.7461,1.69,1.50
2013.07.22 20:21:07.650,0.74576,0.74612,1.69,1.50
2013.07.22 20:21:07.771,0.74577,0.74618,1.69,1.13
2013.07.22 20:21:07.830,0.74577,0.74624,1.69,2.07
2013.07.22 20:21:08.170,0.74577,0.74624,1.69,1.32
2013.07.22 20:21:08.410,0.74583,0.74624,1.69,1.13
2013.07.22 20:21:08.530,0.74583,0.74628,1.69,1.32
2013.07.22 20:21:08.712,0.74583,0.74628,1.69,1.32
2013.07.22 20:21:09.392,0.74583,0.74628,1.69,1.32
2013.07.22 20:21:11.710,0.74577,0.74628,1.69,1.32
2013.07.22 20:21:12.011,0.74583,0.74624,1.69,1.13
2013.07.22 20:21:12.130,0.74583,0.74624,1.69,1.13
2013.07.22 20:21:12.371,0.74574,0.74631,1.69,1.13
2013.07.22 20:21:12.490,0.74569,0.74625,1.69,1.69
2013.07.22 20:21:12.550,0.74569,0.74624,1.69,1.32
2013.07.22 20:21:12.610,0.74569,0.74624,1.69,1.32
2013.07.22 20:21:12.970,0.74567,0.74606,1.69,1.13
2013.07.22 20:21:13.460,0.74581,0.74614,2.44,1.88
2013.07.22 20:21:13.581,0.74581,0.74614,2.44,1.50
2013.07.22 20:21:13.780,0.74587,0.74614,1.69,1.50
2013.07.22 20:21:15.950,0.74586,0.74614,1.69,1.50
2013.07.22 20:21:16.710,0.74589,0.74614,1.69,1.13
2013.07.22 20:21:16.830,0.74589,0.74614,1.69,1.13
2013.07.22 20:21:16.950,0.74583,0.74614,2.07,1.13
2013.07.22 20:21:17.070,0.74583,0.74614,1.69,1.50
2013.07.22 20:21:17.190,0.7457,0.74609,1.69,1.13
2013.07.22 20:21:17.310,0.7457,0.74609,1.69,1.13
2013.07.22 20:21:17.650,0.74588,0.74615,1.50,1.13
2013.07.22 20:21:17.771,0.74607,0.74632,1.69,1.13
2013.07.22 20:21:18.012,0.74608,0.74639,1.69,1.50
2013.07.22 20:21:18.272,0.7461,0.74639,1.69,1.50
2013.07.22 20:21:18.510,0.74613,0.74639,1.69,1.13
2013.07.22 20:21:18.961,0.74617,0.74639,1.69,1.13
2013.07.22 20:21:19.021,0.74623,0.74669,1.69,1.50
2013.07.22 20:21:19.410,0.74626,0.74669,1.69,1.50
2013.07.22 20:21:19.721,0.74626,0.74684,2.44,1.13
2013.07.22 20:21:19.840,0.74632,0.74684,1.69,1.50
2013.07.22 20:21:20.362,0.74633,0.74679,1.69,1.50
2013.07.22 20:21:20.421,0.74624,0.74679,1.69,1.50
2013.07.22 20:21:20.540,0.74624,0.74679,1.69,1.50
2013.07.22 20:21:20.900,0.74617,0.74679,1.69,1.50
2013.07.22 20:21:21.200,0.74611,0.74679,1.69,1.50
2013.07.22 20:21:21.351,0.74611,0.74679,1.69,1.50
2013.07.22 20:21:22.320,0.74609,0.74679,1.69,1.69
2013.07.22 20:21:22.720,0.74627,0.7468,1.69,1.13
2013.07.22 20:21:23.421,0.74627,0.74683,1.69,1.69
2013.07.22 20:21:23.517,0.74627,0.74683,1.69,1.69
2013.07.22 20:21:23.760,0.74627,0.74683,1.69,1.50
2013.07.22 20:21:24.140,0.74616,0.74683,1.32,1.69
2013.07.22 20:21:24.200,0.74613,0.74679,2.07,1.69
2013.07.22 20:21:24.451,0.74613,0.74679,1.69,1.69
2013.07.22 20:21:24.912,0.74614,0.74679,1.69,1.69
2013.07.22 20:21:25.112,0.74614,0.74679,1.50,1.69
2013.07.22 20:21:25.640,0.74609,0.74673,1.69,1.50
2013.07.22 20:21:25.992,0.74609,0.74678,1.69,1.69
2013.07.22 20:21:26.812,0.74615,0.74678,1.69,1.50
2013.07.22 20:21:28.319,0.74613,0.74678,1.69,1.50
2013.07.22 20:21:31.728,0.7461,0.74678,1.69,1.69
2013.07.22 20:21:31.950,0.7461,0.74678,1.69,1.69
2013.07.22 20:21:32.170,0.74613,0.74678,1.69,1.69
2013.07.22 20:21:32.371,0.7461,0.74678,1.69,1.69
2013.07.22 20:21:33.080,0.74611,0.74678,1.69,1.50
2013.07.22 20:21:33.200,0.74612,0.74678,2.44,1.50
2013.07.22 20:21:33.260,0.74612,0.74678,2.44,1.50
2013.07.22 20:21:33.490,0.74612,0.74678,2.44,1.50
2013.07.22 20:21:34.780,0.74613,0.74678,1.69,1.50
2013.07.22 20:21:35.448,0.74613,0.74678,1.69,1.50
2013.07.22 20:21:35.948,0.74605,0.74669,1.69,1.69
2013.07.22 20:21:38.880,0.74605,0.74669,1.69,1.69
2013.07.22 20:21:40.173,0.74607,0.74669,1.69,1.50
2013.07.22 20:21:40.691,0.74613,0.74669,1.50,1.69
2013.07.22 20:21:41.435,0.74608,0.74669,1.69,1.50
2013.07.22 20:21:43.082,0.74612,0.74673,1.69,1.69
2013.07.22 20:21:43.948,0.74617,0.74668,1.69,1.32
2013.07.22 20:21:44.813,0.74618,0.74674,1.69,1.69
2013.07.22 20:21:45.412,0.74618,0.74674,1.69,1.69
2013.07.22 20:21:45.470,0.74621,0.74674,1.69,1.69
2013.07.22 20:21:45.530,0.74621,0.74674,1.69,1.69
2013.07.22 20:21:45.780,0.74621,0.74674,2.44,1.69
2013.07.22 20:21:45.901,0.74623,0.74678,1.69,1.69
2013.07.22 20:21:46.271,0.74626,0.74683,1.69,2.07
2013.07.22 20:21:46.331,0.74626,0.74683,1.69,2.07
2013.07.22 20:21:46.411,0.74626,0.74683,1.69,2.07
2013.07.22 20:21:46.470,0.74625,0.74683,1.69,2.07
2013.07.22 20:21:46.932,0.74625,0.74683,1.69,2.07
2013.07.22 20:21:47.291,0.74625,0.74683,1.69,2.07
2013.07.22 20:21:47.712,0.74625,0.74683,1.69,2.07
2013.07.22 20:21:49.158,0.74626,0.74683,1.69,2.07
2013.07.22 20:21:59.480,0.74622,0.74678,1.69,2.44
2013.07.22 20:21:59.601,0.74619,0.74678,1.69,2.44
2013.07.22 20:22:00.110,0.74619,0.74678,1.69,2.44
2013.07.22 20:22:01.791,0.74622,0.74678,1.69,1.69
2013.07.22 20:22:09.502,0.74622,0.74678,1.69,1.69
2013.07.22 20:22:09.681,0.74622,0.74678,1.69,1.69
2013.07.22 20:22:10.879,0.74622,0.74678,1.69,1.50
2013.07.22 20:22:12.572,0.74622,0.74678,1.69,1.50
2013.07.22 20:22:15.504,0.74622,0.74678,1.69,1.50
2013.07.22 20:22:15.680,0.74622,0.74678,1.69,1.50
2013.07.22 20:22:17.430,0.74619,0.74679,1.69,1.50
2013.07.22 20:22:17.550,0.74617,0.74679,1.69,1.50
2013.07.22 20:22:18.112,0.74614,0.74669,2.44,1.50
2013.07.22 20:22:18.170,0.74617,0.74669,1.69,1.50
2013.07.22 20:22:18.231,0.74617,0.74669,1.69,1.50
2013.07.22 20:22:18.290,0.74615,0.74669,1.69,1.50
2013.07.22 20:22:18.621,0.74618,0.74669,1.69,1.50
2013.07.22 20:22:30.761,0.74616,0.74678,2.44,1.50
2013.07.22 20:22:31.229,0.74616,0.74678,2.44,1.50
2013.07.22 20:22:45.813,0.74616,0.74678,1.69,1.50
2013.07.22 20:22:48.801,0.74616,0.74678,2.44,1.50
2013.07.22 20:22:49.812,0.74618,0.74678,1.69,1.50
2013.07.22 20:22:49.870,0.74618,0.74678,1.69,1.50
2013.07.22 20:22:50.372,0.74618,0.7466,1.69,1.13
2013.07.22 20:22:50.670,0.74609,0.74654,1.69,1.50
2013.07.22 20:22:51.972,0.74609,0.7465,1.69,1.50
2013.07.22 20:22:53.902,0.74609,0.74655,1.69,1.13
2013.07.22 20:22:53.961,0.74613,0.74665,1.69,1.13
2013.07.22 20:22:54.080,0.74613,0.74665,1.69,1.13
2013.07.22 20:22:59.463,0.74613,0.74679,2.44,1.50
2013.07.22 20:23:08.980,0.74613,0.74679,2.44,1.50
2013.07.22 20:23:19.902,0.74614,0.74679,1.69,1.50
2013.07.22 20:23:23.654,0.74616,0.74679,1.69,1.50
2013.07.22 20:23:32.571,0.74615,0.74679,1.69,1.50
2013.07.22 20:23:33.285,0.74615,0.74679,1.69,1.50
2013.07.22 20:23:34.511,0.74615,0.74679,2.44,1.50
2013.07.22 20:23:35.940,0.74615,0.74679,2.44,1.50
2013.07.22 20:23:48.040,0.74614,0.74679,1.69,1.50
2013.07.22 20:23:57.632,0.74614,0.74686,2.44,1.32
2013.07.22 20:23:58.471,0.7462,0.74678,2.44,1.50
2013.07.22 20:24:00.952,0.7462,0.74678,3.19,1.50
2013.07.22 20:24:01.075,0.74626,0.74678,1.69,1.69
2013.07.22 20:24:02.343,0.74627,0.74678,1.69,1.69
2013.07.22 20:24:02.940,0.74631,0.74678,1.69,1.69
2013.07.22 20:24:03.007,0.74632,0.74678,1.69,1.69
2013.07.22 20:24:03.373,0.74628,0.74678,1.69,1.69
2013.07.22 20:24:03.431,0.74628,0.74678,1.69,2.44
2013.07.22 20:24:03.491,0.74629,0.74678,1.69,2.44
2013.07.22 20:24:04.041,0.74629,0.74678,1.69,2.44
2013.07.22 20:24:07.401,0.7463,0.74678,2.44,1.69
2013.07.22 20:24:07.640,0.74636,0.74682,1.69,1.69
2013.07.22 20:24:08.732,0.74636,0.7468,1.69,1.69
2013.07.22 20:24:13.712,0.74644,0.74686,2.44,1.69
2013.07.22 20:24:14.258,0.74644,0.74686,2.44,1.32
2013.07.22 20:24:15.158,0.74644,0.74684,2.44,1.32
2013.07.22 20:24:15.632,0.74644,0.74684,2.44,1.32
2013.07.22 20:24:16.091,0.74644,0.74684,2.44,1.32
2013.07.22 20:24:17.002,0.74644,0.74684,2.44,1.32
2013.07.22 20:24:17.801,0.74644,0.74684,2.44,1.32
2013.07.22 20:24:18.538,0.74644,0.74684,2.44,1.32
2013.07.22 20:24:19.112,0.74643,0.74682,2.44,1.32
2013.07.22 20:24:19.814,0.74647,0.74682,1.69,1.32
2013.07.22 20:24:20.151,0.74651,0.74686,1.69,1.32
2013.07.22 20:24:20.522,0.74651,0.74686,1.69,1.32
2013.07.22 20:24:21.301,0.74651,0.74686,1.69,1.32
2013.07.22 20:24:22.202,0.74651,0.74684,1.69,1.32
2013.07.22 20:24:23.201,0.74651,0.74681,1.69,1.32
2013.07.22 20:24:23.260,0.74651,0.74684,1.69,1.32
2013.07.22 20:24:24.330,0.74651,0.74684,1.69,1.32
2013.07.22 20:24:24.984,0.74649,0.74683,2.07,1.32
2013.07.22 20:24:26.922,0.74649,0.74683,2.07,1.32
2013.07.22 20:24:29.142,0.74649,0.74684,1.32,1.32
2013.07.22 20:24:29.732,0.74649,0.74684,1.32,1.32
2013.07.22 20:24:30.304,0.74649,0.74683,2.07,1.32
2013.07.22 20:24:30.603,0.74649,0.74683,2.07,1.69
2013.07.22 20:24:30.661,0.74645,0.74673,1.32,1.13
2013.07.22 20:24:30.840,0.74642,0.74673,1.32,1.32
2013.07.22 20:24:30.980,0.74642,0.74671,1.13,1.32
2013.07.22 20:24:31.041,0.74638,0.74671,1.32,1.69
2013.07.22 20:24:33.171,0.74638,0.7467,1.32,1.32
2013.07.22 20:24:33.411,0.74618,0.74657,1.69,1.69
2013.07.22 20:24:33.531,0.74615,0.74659,1.69,1.32
2013.07.22 20:24:33.591,0.74615,0.74659,1.69,1.32
2013.07.22 20:24:33.721,0.74611,0.74659,1.69,2.44
2013.07.22 20:24:33.971,0.74595,0.74652,1.69,1.69
2013.07.22 20:24:34.031,0.74595,0.74648,1.69,1.50
2013.07.22 20:24:34.411,0.74571,0.74648,1.69,1.69
2013.07.22 20:24:34.470,0.74571,0.74648,1.69,1.69
2013.07.22 20:24:34.591,0.74571,0.74648,1.69,1.69
2013.07.22 20:24:34.932,0.74566,0.74643,1.69,1.69
2013.07.22 20:24:35.392,0.74566,0.74649,1.69,1.69
2013.07.22 20:24:35.675,0.74566,0.74649,1.69,1.69
2013.07.22 20:24:37.983,0.74564,0.74649,1.69,1.69
2013.07.22 20:24:38.101,0.74569,0.74649,1.69,1.69
2013.07.22 20:24:38.312,0.74569,0.74649,1.69,1.69
2013.07.22 20:24:39.001,0.74569,0.74649,1.69,1.69
2013.07.22 20:24:39.413,0.74567,0.74644,1.69,1.69
2013.07.22 20:24:39.531,0.74567,0.74638,1.69,1.69
2013.07.22 20:24:40.410,0.74568,0.74637,1.69,1.69
2013.07.22 20:24:40.702,0.74568,0.74636,1.69,1.69
2013.07.22 20:24:41.170,0.74577,0.74642,1.69,1.32
2013.07.22 20:24:41.231,0.74577,0.74648,1.69,2.44
2013.07.22 20:24:41.642,0.74577,0.74648,1.69,1.69
2013.07.22 20:24:49.283,0.74583,0.74648,1.69,1.69
2013.07.22 20:24:49.392,0.74583,0.74648,1.69,1.69
2013.07.22 20:25:00.702,0.74585,0.74649,1.69,1.69
2013.07.22 20:25:06.453,0.74582,0.74648,1.69,1.69
2013.07.22 20:25:14.071,0.74589,0.74654,1.69,1.69
2013.07.22 20:25:21.801,0.74581,0.74648,1.69,1.69
2013.07.22 20:25:22.272,0.74581,0.74644,2.44,1.69
2013.07.22 20:25:26.085,0.74581,0.74645,1.69,1.69
2013.07.22 20:25:27.901,0.74585,0.7465,1.69,1.69
2013.07.22 20:25:33.950,0.74583,0.74647,1.69,1.69
2013.07.22 20:25:34.342,0.74581,0.74646,1.69,1.69
2013.07.22 20:25:38.423,0.74583,0.74652,1.69,1.69
2013.07.22 20:25:38.745,0.74581,0.74644,2.44,1.69
2013.07.22 20:25:38.972,0.74581,0.74644,2.44,1.69
2013.07.22 20:25:39.192,0.74581,0.74644,2.44,1.69
2013.07.22 20:25:39.672,0.74581,0.74644,2.44,1.69
2013.07.22 20:25:39.892,0.74581,0.74644,2.44,1.69
2013.07.22 20:25:40.261,0.74581,0.74644,1.69,1.69
2013.07.22 20:25:51.043,0.74581,0.74643,1.69,1.69
2013.07.22 20:25:53.113,0.74581,0.74645,1.69,1.69
2013.07.22 20:25:53.173,0.74586,0.74649,1.69,1.69
2013.07.22 20:25:53.231,0.74586,0.74649,1.69,1.69
2013.07.22 20:25:53.662,0.74586,0.74649,1.69,1.69
2013.07.22 20:25:53.780,0.74586,0.74649,1.69,1.69
2013.07.22 20:25:55.722,0.74586,0.74649,1.69,1.69
2013.07.22 20:25:55.942,0.74586,0.74649,1.69,1.69
2013.07.22 20:25:56.052,0.74586,0.74649,1.69,1.69
2013.07.22 20:25:56.301,0.74586,0.74649,1.69,1.69
2013.07.22 20:25:57.622,0.74586,0.74649,1.69,1.69
2013.07.22 20:26:00.772,0.74586,0.74649,1.69,1.69
2013.07.22 20:26:01.121,0.74578,0.7463,1.69,1.50
2013.07.22 20:26:01.244,0.74577,0.74628,1.69,1.69
2013.07.22 20:26:01.301,0.74577,0.74628,1.69,2.44
2013.07.22 20:26:03.372,0.74577,0.74628,1.69,1.69
2013.07.22 20:26:04.972,0.74573,0.74625,1.69,1.69
2013.07.22 20:26:05.313,0.74576,0.74622,1.50,3.19
2013.07.22 20:26:05.491,0.74576,0.74624,1.50,2.44
2013.07.22 20:26:05.659,0.74576,0.74624,1.50,1.69
2013.07.22 20:26:05.783,0.74576,0.74627,1.50,1.69
2013.07.22 20:26:06.021,0.74582,0.74631,1.50,1.69
2013.07.22 20:26:06.201,0.74582,0.74631,1.50,2.44
2013.07.22 20:26:09.073,0.74582,0.74628,1.50,1.69
2013.07.22 20:26:09.321,0.74582,0.74628,1.50,1.69
2013.07.22 20:26:09.903,0.74582,0.74634,1.50,1.69
2013.07.22 20:26:10.492,0.74582,0.74632,1.50,1.69
2013.07.22 20:26:12.831,0.74582,0.74632,1.50,2.82
2013.07.22 20:26:18.112,0.74582,0.74628,1.50,1.32
2013.07.22 20:26:19.112,0.74577,0.74628,1.69,1.32
2013.07.22 20:26:19.293,0.74577,0.74623,1.69,1.13
2013.07.22 20:26:19.352,0.74577,0.74623,1.50,1.69
2013.07.22 20:26:21.594,0.74577,0.74623,1.50,1.69
2013.07.22 20:26:22.432,0.74577,0.74623,1.50,1.32
2013.07.22 20:26:23.951,0.74577,0.74626,1.13,1.32
2013.07.22 20:26:24.262,0.74577,0.74623,1.50,1.32
2013.07.22 20:26:26.391,0.74577,0.74623,1.50,1.13
2013.07.22 20:26:26.881,0.74577,0.74623,1.50,1.13
2013.07.22 20:26:31.392,0.74577,0.74623,1.50,1.32
2013.07.22 20:26:31.802,0.74577,0.74623,1.50,1.32
2013.07.22 20:26:32.561,0.74584,0.74623,1.13,1.13
2013.07.22 20:26:32.681,0.74577,0.74623,1.69,1.13
2013.07.22 20:26:33.042,0.74591,0.74648,1.50,1.32
2013.07.22 20:26:33.101,0.74591,0.74648,1.50,1.69
2013.07.22 20:26:33.221,0.74591,0.74648,1.50,1.69
2013.07.22 20:26:33.581,0.74592,0.74653,1.50,1.69
2013.07.22 20:26:33.642,0.74592,0.74655,1.50,1.69
2013.07.22 20:26:33.761,0.74592,0.74655,1.50,1.69
2013.07.22 20:26:37.604,0.74587,0.74654,1.69,2.44
2013.07.22 20:26:37.911,0.74587,0.74646,1.50,1.69
2013.07.22 20:26:38.055,0.74587,0.74643,1.50,2.44
2013.07.22 20:26:38.181,0.74587,0.74643,1.50,1.69
2013.07.22 20:26:39.027,0.74587,0.74643,1.69,1.69
2013.07.22 20:26:39.091,0.74587,0.74643,1.69,2.44
2013.07.22 20:26:39.453,0.74587,0.74643,1.69,2.44
2013.07.22 20:26:39.663,0.74587,0.74643,1.50,2.44
2013.07.22 20:26:39.782,0.74582,0.74641,1.69,2.44
2013.07.22 20:26:40.291,0.74583,0.74638,1.69,1.69
2013.07.22 20:26:42.848,0.74585,0.7464,1.69,1.69
2013.07.22 20:26:43.251,0.74582,0.74645,1.69,1.69
2013.07.22 20:26:43.771,0.74582,0.74653,1.69,1.69
2013.07.22 20:26:44.462,0.74582,0.74653,1.69,1.69
2013.07.22 20:26:44.801,0.74587,0.74653,1.69,1.69
2013.07.22 20:26:45.392,0.74588,0.74654,1.69,2.44
2013.07.22 20:26:45.962,0.74586,0.74653,1.69,1.69
2013.07.22 20:26:46.301,0.74586,0.74654,1.69,2.44
2013.07.22 20:26:50.474,0.74594,0.74654,1.69,1.50
2013.07.22 20:27:01.231,0.74586,0.74653,1.69,1.69
2013.07.22 20:27:04.804,0.74586,0.74653,1.69,1.69
2013.07.22 20:27:05.972,0.74587,0.74653,2.44,1.69
2013.07.22 20:27:08.312,0.74594,0.74658,1.69,1.69
2013.07.22 20:27:11.362,0.74594,0.74653,1.69,1.50
2013.07.22 20:27:11.542,0.74583,0.7464,1.69,1.32
2013.07.22 20:27:13.222,0.74582,0.74637,2.44,1.69
2013.07.22 20:27:13.671,0.74583,0.7464,1.69,1.32
2013.07.22 20:27:13.731,0.74586,0.74645,1.69,1.32
2013.07.22 20:27:13.951,0.74586,0.74653,1.69,1.69
2013.07.22 20:27:14.071,0.74586,0.74653,1.69,1.69
2013.07.22 20:27:14.271,0.74589,0.74657,1.69,1.69
2013.07.22 20:27:15.271,0.74588,0.74658,1.69,1.69
2013.07.22 20:27:19.001,0.74588,0.74654,1.69,1.69
2013.07.22 20:27:21.032,0.74592,0.74656,1.69,1.69
2013.07.22 20:27:26.501,0.74596,0.74659,1.69,1.69
2013.07.22 20:27:30.661,0.74586,0.74651,1.69,1.69
2013.07.22 20:27:31.301,0.74586,0.74651,1.69,1.69
2013.07.22 20:27:31.361,0.7459,0.74654,1.69,1.69
2013.07.22 20:27:32.854,0.7459,0.74654,1.69,1.69
2013.07.22 20:27:34.835,0.7459,0.74654,1.69,1.69
2013.07.22 20:27:46.580,0.74591,0.74657,1.69,1.69
2013.07.22 20:27:48.089,0.746,0.74659,1.69,1.50
2013.07.22 20:27:48.492,0.74591,0.74657,1.69,1.69
2013.07.22 20:27:51.891,0.74591,0.74657,1.69,1.69
2013.07.22 20:27:51.992,0.74597,0.74659,1.69,1.69
2013.07.22 20:28:27.623,0.74603,0.74662,1.69,1.32
2013.07.22 20:28:27.973,0.74588,0.74659,1.69,1.69
2013.07.22 20:28:28.033,0.74588,0.74657,1.69,1.69
2013.07.22 20:28:28.172,0.74588,0.74657,1.69,1.69
2013.07.22 20:28:31.241,0.74588,0.74657,1.69,1.69
2013.07.22 20:28:35.051,0.74587,0.74658,1.69,1.69
2013.07.22 20:28:37.256,0.74599,0.74662,1.69,1.13
2013.07.22 20:28:39.264,0.74599,0.74662,1.69,1.13
2013.07.22 20:28:39.382,0.74599,0.74662,1.69,1.13
2013.07.22 20:28:39.702,0.74588,0.74663,1.69,1.69
2013.07.22 20:28:40.472,0.74588,0.74663,1.69,1.69
2013.07.22 20:28:40.591,0.74588,0.74663,1.69,1.69
2013.07.22 20:28:41.523,0.74591,0.74663,1.69,1.69
2013.07.22 20:28:42.101,0.7459,0.74661,1.69,1.69
2013.07.22 20:28:44.522,0.74589,0.74659,1.69,1.69
2013.07.22 20:28:50.986,0.74589,0.74659,1.69,1.69
2013.07.22 20:29:00.710,0.74603,0.74661,1.69,1.50
2013.07.22 20:29:00.831,0.74603,0.74659,1.69,1.50
2013.07.22 20:29:01.213,0.74589,0.74659,1.69,2.44
2013.07.22 20:29:02.142,0.74606,0.74664,1.50,2.44
2013.07.22 20:29:02.322,0.74606,0.74664,1.50,2.44
2013.07.22 20:29:02.441,0.74606,0.74664,1.69,1.69
2013.07.22 20:29:02.502,0.74606,0.74664,1.69,1.69
2013.07.22 20:29:05.531,0.74606,0.74664,1.69,1.69
2013.07.22 20:29:05.593,0.74606,0.74664,1.69,1.69
2013.07.22 20:29:05.652,0.74606,0.74664,1.69,1.69
2013.07.22 20:29:05.811,0.74606,0.74664,1.69,1.69
2013.07.22 20:29:06.142,0.74606,0.74664,1.69,1.69
2013.07.22 20:29:06.740,0.74606,0.74664,1.69,1.69
2013.07.22 20:29:06.801,0.74606,0.74664,1.69,1.69
2013.07.22 20:29:09.539,0.74606,0.74664,2.44,2.44
2013.07.22 20:29:12.892,0.74606,0.74664,2.44,2.44
2013.07.22 20:29:13.112,0.74606,0.74664,2.44,2.44
2013.07.22 20:29:13.911,0.74606,0.74658,1.69,1.69
2013.07.22 20:29:14.387,0.74604,0.74658,1.69,1.69
2013.07.22 20:29:14.602,0.74604,0.74658,1.69,1.69
2013.07.22 20:29:14.722,0.74604,0.74659,1.69,1.69
2013.07.22 20:29:15.504,0.74604,0.74659,1.69,1.69
2013.07.22 20:29:16.046,0.74604,0.74659,1.69,1.69
2013.07.22 20:29:16.371,0.74606,0.74664,1.69,1.69
2013.07.22 20:29:16.513,0.74608,0.74666,1.69,1.69
2013.07.22 20:29:17.143,0.74608,0.74664,1.69,1.69
2013.07.22 20:29:22.500,0.74607,0.74665,1.69,1.69
2013.07.22 20:29:22.819,0.74607,0.74664,1.69,1.69
2013.07.22 20:29:23.015,0.74607,0.74664,1.69,1.69
2013.07.22 20:29:23.263,0.74606,0.74664,1.50,1.69
2013.07.22 20:29:23.635,0.74606,0.74664,1.69,1.69
2013.07.22 20:29:23.872,0.74606,0.74664,1.50,1.69
2013.07.22 20:29:23.934,0.74606,0.74664,1.50,1.69
2013.07.22 20:29:24.242,0.74606,0.74664,1.50,1.69
2013.07.22 20:29:24.543,0.74606,0.74664,1.50,1.69
2013.07.22 20:29:24.869,0.74606,0.74664,1.50,1.69
2013.07.22 20:29:24.994,0.74606,0.74664,1.69,2.44
2013.07.22 20:29:25.193,0.74606,0.74664,1.69,2.44
2013.07.22 20:29:25.453,0.74606,0.74664,1.69,2.44
2013.07.22 20:29:26.063,0.74606,0.74663,1.69,1.69
2013.07.22 20:29:26.522,0.74606,0.74663,1.69,1.69
2013.07.22 20:29:30.292,0.74606,0.74663,1.69,1.69
2013.07.22 20:29:30.363,0.74606,0.74663,1.69,1.69
2013.07.22 20:29:30.851,0.74606,0.74663,1.69,1.69
2013.07.22 20:29:30.914,0.74606,0.74663,1.69,1.69
2013.07.22 20:29:31.052,0.74606,0.74664,1.50,1.69
2013.07.22 20:29:31.111,0.74606,0.74664,1.50,1.69
2013.07.22 20:29:31.264,0.74606,0.74664,1.50,1.69
2013.07.22 20:29:31.382,0.74606,0.74664,1.50,1.69
2013.07.22 20:29:34.411,0.74611,0.74664,1.50,1.69
2013.07.22 20:29:35.072,0.74614,0.74664,1.69,1.69
2013.07.22 20:29:35.792,0.74611,0.74664,2.44,1.69
2013.07.22 20:29:36.489,0.74611,0.74664,2.44,1.69
2013.07.22 20:29:36.943,0.74611,0.74664,2.44,1.69
2013.07.22 20:29:37.123,0.74611,0.74664,2.44,1.69
2013.07.22 20:29:37.272,0.74611,0.74664,2.44,1.69
2013.07.22 20:29:37.699,0.74611,0.74664,2.44,1.69
2013.07.22 20:29:37.822,0.74611,0.74664,2.44,1.69
2013.07.22 20:29:39.252,0.74611,0.74664,2.44,1.69
2013.07.22 20:29:39.371,0.74611,0.74664,2.44,1.69
2013.07.22 20:29:39.492,0.74611,0.74664,1.69,1.69
2013.07.22 20:29:50.003,0.74611,0.74664,2.44,1.69
2013.07.22 20:29:50.121,0.74611,0.74664,2.44,1.69
2013.07.22 20:29:50.853,0.74611,0.74664,2.44,1.69
2013.07.22 20:29:50.912,0.74611,0.74664,2.44,1.69
2013.07.22 20:29:51.302,0.74611,0.74664,2.44,1.69
2013.07.22 20:29:51.442,0.74611,0.74664,2.44,1.69
2013.07.22 20:29:51.814,0.74611,0.74664,2.44,1.69
2013.07.22 20:29:52.072,0.74611,0.74664,2.44,1.69
2013.07.22 20:29:52.752,0.74611,0.74664,2.44,1.69
2013.07.22 20:29:53.372,0.74616,0.74663,1.50,1.69
2013.07.22 20:29:53.990,0.74612,0.74663,1.69,1.69
2013.07.22 20:29:57.272,0.74612,0.74663,1.69,1.69
2013.07.22 20:29:57.392,0.74612,0.74663,1.69,1.69
2013.07.22 20:29:57.772,0.74611,0.74663,2.44,1.69
2013.07.22 20:29:59.313,0.74612,0.74663,1.69,1.69
2013.07.22 20:29:59.372,0.74612,0.74663,2.44,1.69
2013.07.22 20:30:00.164,0.74612,0.74663,2.44,1.69
2013.07.22 20:30:00.481,0.74612,0.74663,2.44,1.69
2013.07.22 20:30:00.832,0.74612,0.74663,2.44,1.69
2013.07.22 20:30:00.892,0.74612,0.74663,1.50,2.44
2013.07.22 20:30:02.832,0.74611,0.74663,1.50,1.50
2013.07.22 20:30:03.093,0.74609,0.74663,1.69,1.69
2013.07.22 20:30:03.423,0.74607,0.74663,2.44,1.69
2013.07.22 20:30:03.632,0.74612,0.74663,1.50,1.69
2013.07.22 20:30:04.113,0.74612,0.74658,1.50,1.13
2013.07.22 20:30:04.492,0.74612,0.74666,1.69,1.69
2013.07.22 20:30:04.552,0.74612,0.74663,1.69,1.50
2013.07.22 20:30:04.783,0.74612,0.74665,1.69,1.50
2013.07.22 20:30:05.885,0.74612,0.74663,1.50,1.50
2013.07.22 20:30:05.942,0.74612,0.74663,1.50,1.50
2013.07.22 20:30:06.422,0.74607,0.74663,2.44,1.50
2013.07.22 20:30:06.887,0.74612,0.74663,1.50,1.50
2013.07.22 20:30:06.941,0.74612,0.74663,1.50,1.50
2013.07.22 20:30:07.272,0.74612,0.74663,1.50,1.50
2013.07.22 20:30:07.503,0.74612,0.74663,1.50,1.50
2013.07.22 20:30:07.631,0.74612,0.74663,1.50,1.50
2013.07.22 20:30:08.403,0.74611,0.74663,1.50,1.50
2013.07.22 20:30:08.461,0.74612,0.74663,1.50,1.50
2013.07.22 20:30:09.562,0.74616,0.74669,1.50,2.44
2013.07.22 20:30:09.944,0.74616,0.74669,1.50,2.44
2013.07.22 20:30:12.424,0.74616,0.74669,1.50,1.32
2013.07.22 20:30:13.073,0.74616,0.74669,1.69,1.69
2013.07.22 20:30:15.555,0.74616,0.74669,1.50,1.69
2013.07.22 20:30:16.272,0.74616,0.74669,1.50,1.69
2013.07.22 20:30:16.930,0.74616,0.74669,1.50,1.69
2013.07.22 20:30:25.102,0.74616,0.74669,1.50,1.69
2013.07.22 20:30:29.601,0.74617,0.74663,1.69,1.50
2013.07.22 20:30:30.004,0.74617,0.74666,1.69,1.50
2013.07.22 20:30:31.488,0.74617,0.74663,1.50,1.50
2013.07.22 20:30:31.693,0.74617,0.74668,1.50,1.69
2013.07.22 20:30:51.993,0.74617,0.74668,1.50,1.50
2013.07.22 20:31:03.772,0.74616,0.74664,1.50,1.50
2013.07.22 20:31:03.835,0.74616,0.74664,1.50,1.50
2013.07.22 20:31:06.963,0.74622,0.74673,1.50,2.07
2013.07.22 20:31:07.322,0.74625,0.74673,1.69,1.32
2013.07.22 20:31:08.349,0.74626,0.74673,1.69,1.32
2013.07.22 20:31:14.793,0.74623,0.74673,2.82,1.32
2013.07.22 20:31:15.352,0.74625,0.74673,1.69,1.32
2013.07.22 20:31:17.028,0.74626,0.74673,1.69,1.32
2013.07.22 20:31:22.962,0.74625,0.74673,1.50,2.07
2013.07.22 20:31:23.461,0.74626,0.74673,1.50,2.07
2013.07.22 20:31:27.692,0.74622,0.74672,1.69,1.32
2013.07.22 20:31:28.743,0.74623,0.74672,1.69,1.32
2013.07.22 20:31:29.643,0.74622,0.74672,1.69,1.32
2013.07.22 20:31:35.132,0.74623,0.74673,1.69,1.32
2013.07.22 20:31:38.182,0.74622,0.74673,2.44,1.32
2013.07.22 20:31:39.389,0.74623,0.74661,1.69,1.13
2013.07.22 20:31:40.292,0.74623,0.74673,1.69,1.69
2013.07.22 20:31:42.893,0.74625,0.74666,1.50,1.13
2013.07.22 20:31:45.854,0.74627,0.74673,1.50,1.69
2013.07.22 20:31:46.033,0.74625,0.74673,1.69,1.69
2013.07.22 20:31:46.112,0.74631,0.74673,1.50,1.32
2013.07.22 20:31:46.753,0.74632,0.74673,1.50,1.32
2013.07.22 20:31:46.833,0.74631,0.74673,1.50,1.69
2013.07.22 20:31:47.853,0.74631,0.74675,1.50,1.69
2013.07.22 20:31:47.972,0.74631,0.74679,1.50,1.32
2013.07.22 20:31:48.032,0.74637,0.74679,1.50,1.32
2013.07.22 20:31:48.152,0.74637,0.74683,1.50,1.69
2013.07.22 20:31:48.533,0.74637,0.74683,1.50,1.69
2013.07.22 20:31:49.842,0.74637,0.74683,1.50,1.69
2013.07.22 20:31:50.156,0.74622,0.74678,1.69,1.69
2013.07.22 20:31:50.522,0.74622,0.74688,1.69,2.44
2013.07.22 20:31:50.582,0.74622,0.74688,1.69,2.44
2013.07.22 20:31:50.654,0.74622,0.74688,1.69,2.44
2013.07.22 20:31:55.562,0.74622,0.74686,1.69,1.69
2013.07.22 20:31:55.723,0.74622,0.74686,1.69,1.69
2013.07.22 20:31:56.062,0.74639,0.74691,2.07,1.69
2013.07.22 20:31:56.183,0.74643,0.74691,1.50,1.69
2013.07.22 20:31:57.793,0.74645,0.74691,1.50,1.69
2013.07.22 20:32:04.374,0.74646,0.74694,2.44,1.69
2013.07.22 20:32:04.552,0.74648,0.74697,1.69,1.69
2013.07.22 20:32:07.712,0.74652,0.74697,1.50,1.32
2013.07.22 20:32:08.692,0.74656,0.74698,1.13,1.69
2013.07.22 20:32:13.373,0.74656,0.74694,1.13,1.13
2013.07.22 20:32:14.392,0.74652,0.74694,1.32,1.88
2013.07.22 20:32:14.802,0.7465,0.74687,1.32,1.13
2013.07.22 20:32:16.742,0.7465,0.74687,1.13,1.13
2013.07.22 20:32:23.804,0.7465,0.74684,1.13,1.13
2013.07.22 20:32:24.491,0.74649,0.74688,1.13,2.07
2013.07.22 20:32:28.402,0.74649,0.74689,1.13,1.32
2013.07.22 20:32:28.883,0.74651,0.7469,1.13,1.32
2013.07.22 20:32:39.452,0.74649,0.74684,1.13,1.13
2013.07.22 20:32:39.902,0.74642,0.74682,1.32,1.13
2013.07.22 20:32:39.963,0.74642,0.74682,1.32,1.13
2013.07.22 20:32:40.082,0.74642,0.74677,1.13,1.88
2013.07.22 20:32:40.142,0.74636,0.74677,2.82,1.88
2013.07.22 20:32:40.324,0.74632,0.74671,1.50,1.32
2013.07.22 20:32:40.442,0.7463,0.74671,1.50,1.32
2013.07.22 20:32:41.112,0.7463,0.74672,1.50,1.32
2013.07.22 20:32:41.292,0.74633,0.74679,1.50,1.69
2013.07.22 20:32:41.472,0.74633,0.74679,1.50,1.69
2013.07.22 20:32:41.592,0.74627,0.74679,1.69,2.07
2013.07.22 20:32:52.122,0.74628,0.74679,1.69,2.44
2013.07.22 20:32:59.014,0.7463,0.74679,1.69,2.07
2013.07.22 20:33:00.193,0.74633,0.74681,1.69,1.32
2013.07.22 20:33:03.353,0.74633,0.74669,1.69,1.13
2013.07.22 20:33:04.134,0.74634,0.74681,1.69,1.32
2013.07.22 20:33:04.372,0.7464,0.74681,1.50,1.32
2013.07.22 20:33:05.642,0.7464,0.74681,1.50,1.32
2013.07.22 20:33:06.532,0.74641,0.74684,1.50,1.32
2013.07.22 20:33:07.306,0.74641,0.74682,1.50,1.32
2013.07.22 20:33:07.672,0.74639,0.74681,1.50,1.32
2013.07.22 20:33:08.213,0.74635,0.74681,1.69,1.32
2013.07.22 20:33:13.772,0.74632,0.74681,1.69,1.32
2013.07.22 20:33:14.992,0.74634,0.74681,1.69,1.32
2013.07.22 20:33:26.055,0.74632,0.74681,1.69,1.32
2013.07.22 20:33:32.423,0.74632,0.74681,1.69,2.07
2013.07.22 20:33:32.483,0.74642,0.74683,1.13,1.69
2013.07.22 20:33:32.662,0.74642,0.74683,1.32,1.69
2013.07.22 20:33:32.754,0.74642,0.74683,1.32,1.69
2013.07.22 20:33:34.052,0.74646,0.74677,1.13,1.13
2013.07.22 20:33:34.694,0.74646,0.74683,1.13,1.32
2013.07.22 20:33:35.113,0.74646,0.74683,1.13,1.32
2013.07.22 20:33:45.194,0.74646,0.74683,1.13,1.32
2013.07.22 20:33:48.123,0.74646,0.74683,1.13,1.32
2013.07.22 20:33:48.723,0.74644,0.74683,1.13,1.69
2013.07.22 20:33:49.268,0.74644,0.74683,1.13,1.69
2013.07.22 20:33:49.502,0.74644,0.74682,1.13,1.13
2013.07.22 20:33:49.903,0.74644,0.74683,1.13,1.69
2013.07.22 20:33:54.283,0.74644,0.74682,1.13,1.13
2013.07.22 20:33:54.406,0.74637,0.74668,1.32,1.13
2013.07.22 20:33:54.593,0.74637,0.74667,1.13,1.13
2013.07.22 20:33:55.408,0.74631,0.74668,1.13,1.50
2013.07.22 20:33:55.752,0.74638,0.74673,1.13,1.32
2013.07.22 20:33:55.833,0.74638,0.74673,1.13,1.32
2013.07.22 20:33:55.952,0.74638,0.74674,1.13,1.69
2013.07.22 20:33:56.164,0.7464,0.74677,1.13,1.32
2013.07.22 20:33:56.384,0.74643,0.74678,1.13,1.13
2013.07.22 20:33:56.502,0.74643,0.74678,1.13,1.50
2013.07.22 20:33:57.343,0.74643,0.74679,1.13,1.32
2013.07.22 20:33:57.883,0.74644,0.74684,1.13,1.69
2013.07.22 20:33:58.751,0.74644,0.74682,1.13,1.32
2013.07.22 20:34:03.683,0.74644,0.74684,1.13,1.69
2013.07.22 20:34:04.472,0.74644,0.74684,1.13,1.69
2013.07.22 20:34:04.634,0.74644,0.74684,1.13,1.69
2013.07.22 20:34:04.773,0.74644,0.74682,1.13,1.32
2013.07.22 20:34:04.953,0.74644,0.74684,1.13,1.69
2013.07.22 20:34:05.272,0.74644,0.74684,1.13,1.69
2013.07.22 20:34:05.703,0.74644,0.74684,1.13,1.69
2013.07.22 20:34:05.923,0.74644,0.74684,1.13,1.69
2013.07.22 20:34:14.143,0.74644,0.74684,1.13,1.69
2013.07.22 20:34:23.472,0.74644,0.74684,1.13,1.69
2013.07.22 20:34:25.283,0.74644,0.74684,1.13,1.69
2013.07.22 20:34:26.284,0.74644,0.74684,1.13,1.69
2013.07.22 20:34:33.473,0.74646,0.74684,1.13,2.44
2013.07.22 20:34:34.242,0.74646,0.74684,1.13,1.69
2013.07.22 20:34:38.422,0.74646,0.74684,1.13,1.69
2013.07.22 20:34:38.572,0.74648,0.74688,1.13,1.69
2013.07.22 20:34:38.782,0.74648,0.74688,1.13,1.69
2013.07.22 20:34:39.351,0.74648,0.74688,1.13,1.69
2013.07.22 20:34:39.634,0.74648,0.74688,1.13,1.69
2013.07.22 20:34:39.792,0.74648,0.74684,1.13,1.32
2013.07.22 20:34:40.008,0.74648,0.74688,1.13,1.69
2013.07.22 20:34:40.073,0.74648,0.74684,1.13,1.32
2013.07.22 20:34:40.402,0.74648,0.74675,1.13,1.13
2013.07.22 20:34:40.634,0.74646,0.74675,1.13,1.13
2013.07.22 20:34:42.139,0.74646,0.74684,1.13,1.50
2013.07.22 20:34:45.102,0.74646,0.74676,1.13,1.13
2013.07.22 20:34:45.622,0.74646,0.74684,1.13,1.50
2013.07.22 20:34:47.463,0.74646,0.74677,1.13,1.13
2013.07.22 20:34:48.264,0.74646,0.74684,1.13,1.88
2013.07.22 20:34:52.278,0.74646,0.74684,1.13,1.88
2013.07.22 20:34:53.004,0.74646,0.74684,1.13,1.88
2013.07.22 20:34:53.935,0.74646,0.74684,1.13,1.88
2013.07.22 20:35:00.933,0.74646,0.74684,1.13,1.88
2013.07.22 20:35:01.532,0.74646,0.74684,1.13,1.13
2013.07.22 20:35:03.704,0.74652,0.74693,1.13,1.69
2013.07.22 20:35:05.003,0.74652,0.74693,1.13,1.69
2013.07.22 20:35:06.222,0.74652,0.74685,1.13,1.13
2013.07.22 20:35:06.450,0.74652,0.74693,1.13,1.69
2013.07.22 20:35:07.097,0.74652,0.74693,1.13,1.69
2013.07.22 20:35:08.152,0.74652,0.74693,1.13,1.69
2013.07.22 20:35:08.732,0.7465,0.74686,1.13,1.13
2013.07.22 20:35:08.793,0.74645,0.74686,1.32,1.13
2013.07.22 20:35:08.853,0.74642,0.74683,1.13,1.50
2013.07.22 20:35:14.897,0.74642,0.74683,1.13,1.69
2013.07.22 20:35:15.193,0.74646,0.74684,1.13,1.69
2013.07.22 20:35:18.712,0.74646,0.74684,1.13,1.50
2013.07.22 20:35:19.074,0.74646,0.74684,1.13,1.50
2013.07.22 20:35:19.669,0.74646,0.74684,1.13,1.50
2013.07.22 20:35:20.102,0.74642,0.74682,1.13,1.32
2013.07.22 20:35:20.163,0.74641,0.7467,1.13,1.35
2013.07.22 20:35:20.223,0.74627,0.74661,1.13,1.13
2013.07.22 20:35:20.342,0.74627,0.74658,1.13,1.13
2013.07.22 20:35:20.554,0.74627,0.74658,1.13,1.13
2013.07.22 20:35:21.072,0.7463,0.74663,1.13,1.13
2013.07.22 20:35:21.383,0.7463,0.74663,1.13,1.13
2013.07.22 20:35:21.562,0.74636,0.74668,1.13,1.50
2013.07.22 20:35:21.622,0.74638,0.74668,1.13,1.50
2013.07.22 20:35:21.682,0.74638,0.74668,1.13,1.13
2013.07.22 20:35:21.802,0.7464,0.74678,1.13,2.82
2013.07.22 20:35:22.042,0.74641,0.74671,1.13,1.13
2013.07.22 20:35:22.562,0.74641,0.74677,1.13,1.32
2013.07.22 20:35:22.682,0.74641,0.74677,1.13,1.32
2013.07.22 20:35:22.742,0.74641,0.74677,1.13,1.32
2013.07.22 20:35:22.843,0.74641,0.74677,1.13,1.32
2013.07.22 20:35:23.112,0.74641,0.74677,1.13,1.32
2013.07.22 20:35:23.923,0.74641,0.74672,1.13,1.13
2013.07.22 20:35:28.143,0.74641,0.74677,1.13,1.32
2013.07.22 20:35:28.672,0.74641,0.74672,1.13,1.13
2013.07.22 20:35:30.146,0.74641,0.74677,1.13,1.32
2013.07.22 20:35:31.522,0.74641,0.74677,1.13,1.32
2013.07.22 20:35:34.973,0.74641,0.74672,1.13,1.13
2013.07.22 20:35:45.726,0.74638,0.74676,1.13,1.32
2013.07.22 20:35:46.134,0.74636,0.74669,1.13,1.13
2013.07.22 20:35:46.313,0.74635,0.74669,1.13,1.13
2013.07.22 20:35:46.748,0.74632,0.74669,1.13,1.88
2013.07.22 20:36:01.973,0.74634,0.74669,1.13,2.44
2013.07.22 20:36:04.973,0.74631,0.74669,2.25,1.13
2013.07.22 20:36:05.033,0.74632,0.74666,1.13,1.13
2013.07.22 20:36:05.184,0.74632,0.74663,1.13,1.13
2013.07.22 20:36:10.432,0.74632,0.74663,1.13,1.50
2013.07.22 20:36:10.762,0.74624,0.74659,1.13,1.13
2013.07.22 20:36:10.822,0.74624,0.74657,1.13,1.13
2013.07.22 20:36:12.933,0.74626,0.74658,1.50,1.13
2013.07.22 20:36:13.254,0.74627,0.74661,1.88,1.50
2013.07.22 20:36:13.423,0.7463,0.74663,1.13,1.50
2013.07.22 20:36:13.543,0.74631,0.74664,1.13,1.13
2013.07.22 20:36:14.494,0.74632,0.74664,1.50,1.13
2013.07.22 20:36:20.112,0.74632,0.74664,1.50,1.13
2013.07.22 20:36:24.353,0.74631,0.74669,1.13,2.07
2013.07.22 20:36:24.892,0.74634,0.74669,1.13,2.07
2013.07.22 20:36:41.364,0.74634,0.74665,1.50,1.13
2013.07.22 20:36:41.852,0.74631,0.74664,1.13,1.13
2013.07.22 20:36:47.632,0.74632,0.74664,1.13,1.13
2013.07.22 20:37:05.674,0.74632,0.74669,1.13,3.57
2013.07.22 20:37:05.912,0.74634,0.74669,1.88,3.19
2013.07.22 20:37:17.873,0.74639,0.7467,1.88,1.88
2013.07.22 20:37:17.932,0.74639,0.7467,1.88,1.13
2013.07.22 20:37:18.112,0.74643,0.74675,1.13,1.50
2013.07.22 20:37:29.873,0.74642,0.74675,1.13,1.50
2013.07.22 20:37:30.613,0.74639,0.7467,1.13,1.13
2013.07.22 20:37:31.044,0.74634,0.74668,1.13,1.13
2013.07.22 20:37:39.073,0.74636,0.74668,1.13,1.13
2013.07.22 20:37:40.864,0.74636,0.74668,1.13,1.13
2013.07.22 20:37:40.923,0.74636,0.74666,1.13,1.13
2013.07.22 20:37:42.453,0.74633,0.74669,1.50,1.13
2013.07.22 20:37:42.513,0.74637,0.74669,1.13,1.13
2013.07.22 20:37:49.142,0.74637,0.7467,1.13,1.50
2013.07.22 20:37:49.323,0.74633,0.74664,1.13,1.13
2013.07.22 20:37:49.524,0.74632,0.74663,1.88,1.13
2013.07.22 20:38:01.294,0.74631,0.74664,1.13,1.13
2013.07.22 20:38:01.472,0.74632,0.74669,1.69,1.50
2013.07.22 20:38:01.533,0.74635,0.74683,1.32,1.32
2013.07.22 20:38:01.653,0.74635,0.74683,1.32,2.44
2013.07.22 20:38:01.999,0.74634,0.74675,1.32,1.50
2013.07.22 20:38:04.482,0.74637,0.74678,1.13,2.07
2013.07.22 20:38:05.024,0.74638,0.74678,1.13,2.07
2013.07.22 20:38:07.134,0.74639,0.74678,1.13,1.69
2013.07.22 20:38:07.637,0.74637,0.74679,1.13,1.69
2013.07.22 20:38:09.164,0.74638,0.74679,1.32,1.50
2013.07.22 20:38:44.293,0.74641,0.74679,1.13,1.32
2013.07.22 20:38:44.353,0.7464,0.74677,1.13,1.69
2013.07.22 20:38:44.413,0.74637,0.74673,1.50,1.13
2013.07.22 20:38:45.574,0.74636,0.74673,2.07,1.13
2013.07.22 20:38:46.212,0.74635,0.74673,1.50,1.13
2013.07.22 20:38:48.293,0.74636,0.74673,1.50,1.13
2013.07.22 20:38:52.543,0.74634,0.74673,1.13,1.13
2013.07.22 20:38:52.903,0.74634,0.74673,1.13,1.13
2013.07.22 20:38:56.133,0.74634,0.74673,1.13,1.32
2013.07.22 20:39:04.092,0.74634,0.74673,1.13,1.13
2013.07.22 20:39:10.984,0.74633,0.74667,1.13,1.13
2013.07.22 20:39:12.729,0.74635,0.74673,1.13,1.50
2013.07.22 20:39:12.793,0.74639,0.74676,1.13,1.32
2013.07.22 20:39:13.433,0.74639,0.74677,1.13,1.32
2013.07.22 20:39:13.883,0.74639,0.74672,1.13,1.13
2013.07.22 20:39:14.445,0.74639,0.74677,1.13,1.32
2013.07.22 20:39:14.603,0.74639,0.74674,1.13,1.13
2013.07.22 20:39:15.248,0.74639,0.74677,1.13,1.32
2013.07.22 20:39:19.722,0.74632,0.74674,1.32,1.13
2013.07.22 20:39:19.783,0.74631,0.74674,1.32,1.13
2013.07.22 20:39:19.906,0.74629,0.74654,1.69,1.13
2013.07.22 20:39:19.964,0.74629,0.74654,1.50,1.13
2013.07.22 20:39:20.023,0.74621,0.74654,1.69,1.13
2013.07.22 20:39:20.263,0.74621,0.74654,1.32,1.50
2013.07.22 20:39:20.884,0.74621,0.74657,1.88,1.32
2013.07.22 20:39:21.003,0.74629,0.74659,1.13,1.32
2013.07.22 20:39:21.062,0.74629,0.74659,1.13,1.13
2013.07.22 20:39:21.123,0.74629,0.7466,1.13,1.13
2013.07.22 20:39:21.243,0.74631,0.74667,1.13,1.13
2013.07.22 20:39:21.423,0.74631,0.74679,1.32,1.32
2013.07.22 20:39:39.713,0.74631,0.74679,1.32,1.32
2013.07.22 20:39:39.773,0.74635,0.74684,1.69,1.69
2013.07.22 20:39:39.835,0.74641,0.74681,1.13,1.32
2013.07.22 20:39:42.720,0.74641,0.74681,1.13,1.32
2013.07.22 20:39:51.632,0.74641,0.74682,1.13,1.32
2013.07.22 20:39:51.693,0.74641,0.74679,1.13,1.13
2013.07.22 20:39:58.055,0.74641,0.74678,1.13,1.13
2013.07.22 20:40:00.933,0.74646,0.74678,1.13,1.13
2013.07.22 20:40:09.003,0.74646,0.74679,1.13,1.13
2013.07.22 20:40:09.975,0.74644,0.74682,1.13,1.13
2013.07.22 20:40:10.034,0.74641,0.74682,1.32,1.13
2013.07.22 20:40:11.904,0.74641,0.7468,1.13,1.13
2013.07.22 20:40:14.332,0.74641,0.74684,1.13,1.69
2013.07.22 20:40:22.794,0.74641,0.74679,1.13,1.13
2013.07.22 20:40:23.898,0.74641,0.74678,1.13,1.13
2013.07.22 20:40:25.053,0.74641,0.74678,1.13,1.13
2013.07.22 20:40:26.111,0.74641,0.74678,1.13,1.13
2013.07.22 20:40:29.242,0.74641,0.74679,1.32,1.50
2013.07.22 20:40:32.442,0.74641,0.74684,1.32,1.69
2013.07.22 20:40:36.772,0.74641,0.74684,1.13,1.69
2013.07.22 20:40:38.593,0.74641,0.74684,1.13,1.69
2013.07.22 20:40:39.984,0.74641,0.74684,1.13,1.69
2013.07.22 20:40:40.233,0.74643,0.74683,1.13,1.69
2013.07.22 20:40:40.554,0.74647,0.74685,1.13,1.32
2013.07.22 20:40:40.663,0.74647,0.74685,1.13,1.32
2013.07.22 20:40:41.364,0.74647,0.74685,1.13,1.32
2013.07.22 20:40:41.422,0.74647,0.74685,1.13,1.32
2013.07.22 20:40:51.852,0.74644,0.74685,1.13,1.32
2013.07.22 20:40:53.993,0.74644,0.74685,1.13,1.32
2013.07.22 20:40:54.324,0.74644,0.74685,1.13,1.32
2013.07.22 20:40:54.953,0.74644,0.74679,1.13,1.13
2013.07.22 20:41:13.242,0.74643,0.74677,1.13,1.50
2013.07.22 20:41:23.343,0.74643,0.74679,1.13,1.88
2013.07.22 20:41:24.209,0.74644,0.7468,1.13,1.13
2013.07.22 20:41:44.366,0.74645,0.74679,1.13,1.50
2013.07.22 20:41:49.563,0.74646,0.74683,1.13,2.63
2013.07.22 20:41:52.023,0.74646,0.74682,1.13,1.13
2013.07.22 20:42:02.624,0.74647,0.74682,1.13,1.88
2013.07.22 20:42:09.343,0.74647,0.74684,1.13,1.50
2013.07.22 20:42:10.065,0.74646,0.74683,1.13,1.13
2013.07.22 20:42:22.964,0.74646,0.74683,1.13,1.50
2013.07.22 20:42:23.464,0.74645,0.74685,1.13,1.13
2013.07.22 20:42:26.564,0.74645,0.74685,1.13,1.32
2013.07.22 20:42:36.485,0.74645,0.74685,1.13,1.32
2013.07.22 20:42:37.465,0.74645,0.74685,1.13,1.32
2013.07.22 20:42:47.924,0.74649,0.74683,1.13,1.13
2013.07.22 20:42:48.403,0.74648,0.74683,1.13,1.50
2013.07.22 20:42:53.355,0.74651,0.74686,1.13,1.32
2013.07.22 20:42:53.415,0.74651,0.74686,1.13,1.32
2013.07.22 20:42:53.547,0.74651,0.74684,1.13,1.50
2013.07.22 20:42:55.494,0.74649,0.74684,1.13,1.88
2013.07.22 20:42:56.605,0.74651,0.74686,1.13,1.32
2013.07.22 20:42:59.415,0.74651,0.74688,1.13,1.69
2013.07.22 20:42:59.473,0.74651,0.74686,1.13,1.32
2013.07.22 20:42:59.963,0.74643,0.74684,1.69,1.50
2013.07.22 20:43:00.023,0.7464,0.74683,1.32,2.07
2013.07.22 20:43:01.483,0.7464,0.74683,1.32,1.69
2013.07.22 20:43:02.313,0.74639,0.74683,1.88,1.69
2013.07.22 20:43:03.964,0.74639,0.74683,1.50,1.69
2013.07.22 20:43:04.145,0.74637,0.74683,2.07,1.69
2013.07.22 20:43:04.844,0.74638,0.74683,1.32,1.69
2013.07.22 20:43:10.884,0.74636,0.74682,2.07,1.69
2013.07.22 20:43:11.224,0.74635,0.74681,1.13,1.69
2013.07.22 20:43:14.014,0.74635,0.74681,1.13,1.69
2013.07.22 20:43:15.255,0.74635,0.74681,1.13,1.69
2013.07.22 20:43:15.849,0.74635,0.74681,1.13,1.69
2013.07.22 20:43:18.425,0.74635,0.74681,1.13,1.69
2013.07.22 20:43:19.583,0.74635,0.74681,1.13,1.69
2013.07.22 20:43:20.436,0.74635,0.74681,1.13,1.69
2013.07.22 20:43:20.683,0.74626,0.74661,2.44,1.13
2013.07.22 20:43:20.803,0.74626,0.74659,1.13,1.50
2013.07.22 20:43:21.701,0.74626,0.7466,1.13,1.50
2013.07.22 20:43:22.004,0.74625,0.7466,1.13,1.50
2013.07.22 20:43:22.644,0.7462,0.7466,1.50,1.50
2013.07.22 20:43:22.826,0.74617,0.74651,1.50,1.32
2013.07.22 20:43:22.885,0.74617,0.74651,1.13,1.32
2013.07.22 20:43:22.943,0.74614,0.74655,1.13,1.13
2013.07.22 20:43:23.004,0.74576,0.74659,1.58,1.50
2013.07.22 20:43:23.182,0.74571,0.74659,1.20,1.50
2013.07.22 20:43:23.302,0.74568,0.7465,1.20,1.50
2013.07.22 20:43:23.974,0.74568,0.7465,1.20,1.50
2013.07.22 20:43:24.302,0.74568,0.74659,1.20,1.13
2013.07.22 20:43:24.632,0.74575,0.74659,1.58,1.13
2013.07.22 20:43:24.692,0.74575,0.74659,1.58,1.50
2013.07.22 20:43:24.812,0.74619,0.7466,0.75,0.75
2013.07.22 20:43:25.123,0.74621,0.74679,1.50,1.50
2013.07.22 20:43:25.622,0.74619,0.74661,0.75,0.75
2013.07.22 20:43:25.883,0.74619,0.74661,0.75,1.50
2013.07.22 20:43:30.173,0.74617,0.74661,1.69,1.50
2013.07.22 20:43:30.232,0.74617,0.74674,2.44,1.69
2013.07.22 20:43:36.173,0.74619,0.74677,2.44,1.69
2013.07.22 20:43:36.343,0.74621,0.74677,1.69,1.69
2013.07.22 20:43:39.313,0.74621,0.74675,2.44,1.69
2013.07.22 20:43:39.630,0.74621,0.74674,2.44,1.69
2013.07.22 20:43:40.163,0.74621,0.74674,2.44,2.44
2013.07.22 20:43:40.313,0.74621,0.74674,1.69,2.44
2013.07.22 20:43:40.803,0.74622,0.74674,1.69,2.44
2013.07.22 20:43:41.253,0.74621,0.74674,1.69,2.44
2013.07.22 20:43:41.324,0.74622,0.74674,1.69,2.44
2013.07.22 20:43:42.709,0.74621,0.74672,2.44,1.69
2013.07.22 20:43:46.227,0.74622,0.74673,1.69,1.69
2013.07.22 20:43:58.459,0.74622,0.74674,1.69,2.44
2013.07.22 20:44:01.683,0.74626,0.74679,1.69,1.69
2013.07.22 20:44:01.746,0.74626,0.74679,1.69,1.69
2013.07.22 20:44:01.983,0.74628,0.74679,1.69,1.69
2013.07.22 20:44:02.835,0.74627,0.74679,1.32,1.69
2013.07.22 20:44:03.629,0.74627,0.74679,2.07,1.69
2013.07.22 20:44:04.663,0.74626,0.7466,1.13,1.13
2013.07.22 20:44:05.023,0.74624,0.74659,1.13,2.44
2013.07.22 20:44:06.773,0.74626,0.74659,1.13,2.25
2013.07.22 20:44:08.814,0.74626,0.74659,1.13,2.25
2013.07.22 20:44:11.183,0.74614,0.7465,1.32,1.88
2013.07.22 20:44:11.242,0.74576,0.74647,1.20,0.75
2013.07.22 20:44:11.304,0.74576,0.74647,1.20,0.75
2013.07.22 20:44:11.722,0.74606,0.74644,1.13,0.75
2013.07.22 20:44:14.892,0.74606,0.74644,1.13,1.50
2013.07.22 20:44:15.253,0.74566,0.74631,2.19,1.69
2013.07.22 20:44:15.564,0.74567,0.74631,2.19,1.69
2013.07.22 20:44:15.654,0.74574,0.74631,1.07,1.69
