2013.07.17 01:00:00.558,0.74155,0.74183,1.32,1.69
2013.07.17 01:00:01.008,0.74158,0.74184,1.13,2.44
2013.07.17 01:00:01.129,0.74157,0.74184,1.13,2.44
2013.07.17 01:00:01.659,0.74152,0.74183,1.32,3.57
2013.07.17 01:00:01.898,0.74156,0.74186,1.50,2.44
2013.07.17 01:00:02.078,0.74156,0.74188,1.13,2.44
2013.07.17 01:00:02.169,0.74156,0.7419,1.32,2.44
2013.07.17 01:00:02.296,0.74156,0.7419,1.32,2.44
2013.07.17 01:00:03.378,0.74161,0.74192,1.13,2.44
2013.07.17 01:00:04.573,0.74161,0.74191,1.13,2.44
2013.07.17 01:00:05.375,0.7416,0.74195,1.13,2.44
2013.07.17 01:00:05.439,0.7416,0.74195,1.50,2.44
2013.07.17 01:00:05.558,0.74161,0.74192,1.13,2.44
2013.07.17 01:00:05.758,0.74161,0.74192,1.50,2.44
2013.07.17 01:00:06.558,0.74161,0.74192,1.13,2.44
2013.07.17 01:00:07.768,0.74161,0.7419,1.88,2.44
2013.07.17 01:00:08.450,0.74161,0.74189,1.88,2.44
2013.07.17 01:00:10.460,0.74161,0.7419,1.88,1.69
2013.07.17 01:00:11.441,0.74161,0.7419,1.50,1.69
2013.07.17 01:00:11.688,0.74161,0.7419,1.50,1.69
2013.07.17 01:00:12.667,0.74159,0.74189,1.13,2.44
2013.07.17 01:00:14.076,0.74159,0.74188,1.13,2.44
2013.07.17 01:00:18.696,0.7416,0.74188,1.13,2.44
2013.07.17 01:00:19.483,0.74161,0.74188,1.13,2.44
2013.07.17 01:00:21.229,0.74161,0.74187,1.13,2.44
2013.07.17 01:00:21.731,0.74161,0.74187,1.13,2.44
2013.07.17 01:00:22.067,0.74159,0.74192,1.32,2.44
2013.07.17 01:00:23.474,0.74161,0.74194,1.13,3.19
2013.07.17 01:00:24.679,0.74161,0.74193,1.13,2.44
2013.07.17 01:00:24.738,0.74164,0.74193,1.13,2.44
2013.07.17 01:00:24.798,0.74164,0.74196,1.13,2.44
2013.07.17 01:00:25.469,0.74161,0.74196,2.25,2.44
2013.07.17 01:00:26.086,0.74161,0.74194,2.25,2.44
2013.07.17 01:00:26.409,0.74164,0.74194,1.13,2.44
2013.07.17 01:00:27.053,0.74165,0.74194,1.13,2.44
2013.07.17 01:00:27.559,0.74165,0.74194,1.13,2.44
2013.07.17 01:00:30.588,0.74168,0.74195,1.13,2.44
2013.07.17 01:00:30.901,0.74167,0.74195,1.50,2.44
2013.07.17 01:00:30.959,0.74167,0.74198,1.50,2.44
2013.07.17 01:00:31.519,0.74167,0.74198,1.50,2.44
2013.07.17 01:00:32.064,0.74166,0.74198,1.13,3.19
2013.07.17 01:00:32.577,0.74166,0.74198,1.88,2.44
2013.07.17 01:00:33.288,0.74161,0.74198,1.69,2.44
2013.07.17 01:00:33.919,0.74161,0.74198,1.69,2.44
2013.07.17 01:00:34.483,0.74166,0.74198,1.13,2.44
2013.07.17 01:00:35.018,0.74161,0.74198,1.69,2.44
2013.07.17 01:00:35.558,0.74162,0.74198,1.69,3.19
2013.07.17 01:00:35.618,0.74162,0.74195,1.69,2.44
2013.07.17 01:00:36.321,0.74166,0.74195,2.07,2.44
2013.07.17 01:00:37.749,0.74167,0.74194,1.50,2.44
2013.07.17 01:00:37.951,0.74167,0.74194,1.13,2.44
2013.07.17 01:00:39.488,0.74167,0.74194,1.50,2.44
2013.07.17 01:00:39.728,0.74167,0.74194,1.13,2.44
2013.07.17 01:00:45.319,0.74167,0.74194,1.13,2.44
2013.07.17 01:00:45.438,0.74167,0.74197,1.13,2.44
2013.07.17 01:00:46.477,0.74167,0.74197,1.50,2.44
2013.07.17 01:00:46.911,0.74167,0.74199,1.50,2.44
2013.07.17 01:00:47.149,0.74167,0.742,1.69,2.44
2013.07.17 01:00:47.507,0.74171,0.742,1.50,2.44
2013.07.17 01:00:47.568,0.74171,0.74202,1.50,2.44
2013.07.17 01:00:49.360,0.74176,0.74202,1.13,2.44
2013.07.17 01:00:50.457,0.74176,0.74201,1.13,2.44
2013.07.17 01:00:51.729,0.74171,0.742,1.50,2.44
2013.07.17 01:00:52.748,0.74167,0.74198,1.50,2.44
2013.07.17 01:00:52.808,0.74167,0.74198,1.50,2.44
2013.07.17 01:00:52.868,0.74167,0.74198,1.50,2.44
2013.07.17 01:00:55.479,0.74171,0.74199,1.13,2.44
2013.07.17 01:01:00.360,0.74171,0.74199,1.13,2.44
2013.07.17 01:01:00.461,0.74171,0.742,1.13,2.44
2013.07.17 01:01:01.110,0.74167,0.742,1.50,2.44
2013.07.17 01:01:03.142,0.7417,0.742,1.50,2.44
2013.07.17 01:01:03.318,0.7417,0.74197,1.50,2.44
2013.07.17 01:01:03.838,0.7417,0.74198,1.88,2.44
2013.07.17 01:01:04.918,0.7417,0.74198,1.50,2.44
2013.07.17 01:01:06.128,0.74166,0.74198,1.50,2.44
2013.07.17 01:01:08.540,0.74166,0.74196,1.50,2.44
2013.07.17 01:01:09.377,0.74169,0.74197,1.13,2.44
2013.07.17 01:01:10.449,0.74169,0.74198,1.13,2.44
2013.07.17 01:01:12.441,0.74169,0.74197,1.13,2.44
2013.07.17 01:01:13.169,0.74169,0.74197,1.13,2.44
2013.07.17 01:01:13.807,0.74169,0.74196,1.13,2.44
2013.07.17 01:01:14.869,0.74167,0.74198,1.13,2.44
2013.07.17 01:01:16.453,0.74167,0.74198,1.13,2.44
2013.07.17 01:01:21.179,0.74166,0.74197,1.88,2.44
2013.07.17 01:01:24.328,0.74168,0.74198,1.13,2.44
2013.07.17 01:01:25.189,0.74168,0.742,1.13,2.44
2013.07.17 01:01:25.390,0.74168,0.74198,1.13,2.44
2013.07.17 01:01:28.469,0.74168,0.74198,1.13,2.44
2013.07.17 01:01:33.348,0.7417,0.74197,1.13,2.44
2013.07.17 01:01:34.177,0.74169,0.74198,1.13,2.25
2013.07.17 01:01:37.489,0.74169,0.74197,1.13,2.44
2013.07.17 01:01:38.375,0.74169,0.74199,1.13,2.44
2013.07.17 01:01:39.004,0.74169,0.74199,1.13,2.44
2013.07.17 01:01:39.057,0.74168,0.74199,1.13,2.44
2013.07.17 01:01:43.500,0.74168,0.74197,1.13,2.44
2013.07.17 01:01:44.928,0.74166,0.74196,1.50,2.44
2013.07.17 01:01:45.747,0.74168,0.74197,1.13,2.44
2013.07.17 01:01:49.227,0.74166,0.74198,1.50,2.44
2013.07.17 01:01:49.819,0.74166,0.74197,1.50,2.44
2013.07.17 01:01:50.279,0.74166,0.74197,1.50,2.44
2013.07.17 01:01:51.459,0.74166,0.74197,1.88,2.44
2013.07.17 01:01:51.789,0.74166,0.74197,1.88,2.44
2013.07.17 01:01:52.248,0.7417,0.74199,1.13,1.32
2013.07.17 01:01:52.809,0.74171,0.74201,1.13,2.44
2013.07.17 01:01:53.198,0.74171,0.74201,1.13,2.44
2013.07.17 01:01:53.909,0.74168,0.74198,1.13,1.32
2013.07.17 01:01:55.218,0.74168,0.74198,1.13,2.82
2013.07.17 01:01:55.278,0.74172,0.74198,1.13,2.82
2013.07.17 01:01:56.048,0.74177,0.74198,1.13,1.32
2013.07.17 01:01:58.606,0.74177,0.74199,1.13,1.32
2013.07.17 01:02:03.038,0.74177,0.74199,1.13,2.44
2013.07.17 01:02:05.911,0.74175,0.74199,1.13,2.44
2013.07.17 01:02:09.099,0.74176,0.74199,1.13,2.44
2013.07.17 01:02:09.219,0.74176,0.74199,1.13,2.44
2013.07.17 01:02:09.278,0.74176,0.74197,1.13,2.44
2013.07.17 01:02:10.868,0.74176,0.74197,1.13,2.44
2013.07.17 01:02:11.469,0.74176,0.74197,1.13,2.44
2013.07.17 01:02:12.640,0.74171,0.74195,1.13,2.44
2013.07.17 01:02:15.568,0.74173,0.74196,1.13,2.44
2013.07.17 01:02:15.909,0.74176,0.74196,1.13,2.44
2013.07.17 01:02:16.028,0.74176,0.74198,1.13,2.44
2013.07.17 01:02:16.238,0.74176,0.74198,1.13,2.44
2013.07.17 01:02:17.562,0.74176,0.74199,1.13,2.44
2013.07.17 01:02:17.639,0.74176,0.74199,1.13,2.44
2013.07.17 01:02:18.108,0.74176,0.74199,1.13,2.44
2013.07.17 01:02:18.288,0.74182,0.74201,1.13,2.44
2013.07.17 01:02:18.438,0.74182,0.74201,1.13,2.44
2013.07.17 01:02:18.678,0.74182,0.74206,1.13,2.44
2013.07.17 01:02:19.018,0.74187,0.74207,1.13,2.25
2013.07.17 01:02:19.197,0.74187,0.7421,1.13,2.44
2013.07.17 01:02:19.318,0.74187,0.7421,1.13,2.44
2013.07.17 01:02:19.557,0.74187,0.74212,1.88,2.44
2013.07.17 01:02:19.678,0.74187,0.74215,1.13,2.44
2013.07.17 01:02:20.160,0.74187,0.74215,1.50,2.44
2013.07.17 01:02:20.278,0.74187,0.74221,1.50,2.44
2013.07.17 01:02:21.049,0.74187,0.74222,1.50,2.44
2013.07.17 01:02:21.560,0.7419,0.74223,1.13,2.44
2013.07.17 01:02:22.369,0.74191,0.74226,1.13,2.44
2013.07.17 01:02:22.428,0.74191,0.74226,1.13,2.44
2013.07.17 01:02:23.148,0.74191,0.74226,1.13,2.44
2013.07.17 01:02:23.207,0.7419,0.74224,1.13,2.44
2013.07.17 01:02:23.652,0.74187,0.74224,1.88,2.44
2013.07.17 01:02:24.198,0.74183,0.74219,1.13,1.88
2013.07.17 01:02:24.609,0.74186,0.74217,1.13,1.13
2013.07.17 01:02:24.968,0.74185,0.74216,1.13,2.44
2013.07.17 01:02:26.981,0.74186,0.74217,1.13,2.44
2013.07.17 01:02:27.408,0.74184,0.74217,1.13,2.44
2013.07.17 01:02:28.219,0.74182,0.74215,1.13,2.44
2013.07.17 01:02:28.617,0.74182,0.74215,1.13,2.44
2013.07.17 01:02:29.589,0.74182,0.74213,1.13,2.25
2013.07.17 01:02:29.918,0.74182,0.74213,1.13,2.25
2013.07.17 01:02:30.195,0.7418,0.7421,1.88,2.44
2013.07.17 01:02:31.488,0.74182,0.74209,1.13,2.44
2013.07.17 01:02:31.849,0.74181,0.74209,1.13,2.44
2013.07.17 01:02:32.302,0.74181,0.74206,1.13,2.44
2013.07.17 01:02:33.208,0.74176,0.74206,1.13,2.44
2013.07.17 01:02:33.863,0.74179,0.74207,1.13,2.44
2013.07.17 01:02:34.018,0.74179,0.74205,1.13,2.44
2013.07.17 01:02:34.467,0.74176,0.74202,1.13,1.13
2013.07.17 01:02:34.587,0.74173,0.74202,1.13,1.13
2013.07.17 01:02:34.980,0.74175,0.74202,1.13,2.44
2013.07.17 01:02:36.282,0.74174,0.742,1.13,2.44
2013.07.17 01:02:37.187,0.74174,0.742,1.13,2.44
2013.07.17 01:02:37.938,0.74181,0.742,1.13,2.44
2013.07.17 01:02:38.118,0.74182,0.74201,1.13,1.32
2013.07.17 01:02:38.239,0.74182,0.74206,1.13,2.44
2013.07.17 01:02:39.978,0.74184,0.74206,1.13,2.44
2013.07.17 01:02:40.278,0.74184,0.74209,1.13,2.44
2013.07.17 01:02:40.398,0.74182,0.7421,1.50,2.44
2013.07.17 01:02:40.518,0.74182,0.7421,1.13,2.44
2013.07.17 01:02:43.029,0.74181,0.74208,1.13,2.82
2013.07.17 01:02:43.619,0.74181,0.74208,1.13,1.32
2013.07.17 01:02:43.678,0.74181,0.74208,1.13,1.32
2013.07.17 01:02:49.470,0.74181,0.74212,1.13,1.32
2013.07.17 01:02:50.571,0.74181,0.74211,1.13,2.44
2013.07.17 01:02:51.338,0.74181,0.74215,1.50,2.44
2013.07.17 01:02:51.518,0.74183,0.74217,1.50,2.44
2013.07.17 01:02:51.758,0.74187,0.74217,1.13,2.44
2013.07.17 01:02:51.818,0.74187,0.74221,1.13,2.44
2013.07.17 01:02:52.888,0.74186,0.74221,1.88,2.44
2013.07.17 01:02:53.946,0.74187,0.7422,1.13,2.44
2013.07.17 01:02:54.438,0.74187,0.74222,1.88,2.44
2013.07.17 01:02:54.618,0.74189,0.74224,1.88,2.44
2013.07.17 01:02:55.238,0.74187,0.74224,1.88,2.44
2013.07.17 01:02:55.417,0.74189,0.74222,1.50,2.44
2013.07.17 01:02:56.938,0.74189,0.74225,1.50,2.44
2013.07.17 01:02:58.320,0.74182,0.74221,1.88,2.44
2013.07.17 01:02:58.599,0.74182,0.74221,1.88,2.44
2013.07.17 01:02:58.898,0.74182,0.7422,1.88,2.25
2013.07.17 01:02:59.369,0.74182,0.7422,1.88,2.25
2013.07.17 01:02:59.567,0.74182,0.74218,1.88,2.44
2013.07.17 01:03:00.087,0.74183,0.74217,1.50,2.44
2013.07.17 01:03:00.388,0.74186,0.74223,1.50,3.19
2013.07.17 01:03:00.689,0.74189,0.74219,1.13,1.32
2013.07.17 01:03:01.310,0.74186,0.74221,1.13,1.32
2013.07.17 01:03:01.367,0.74186,0.74221,1.13,1.32
2013.07.17 01:03:01.548,0.74185,0.7422,1.50,2.44
2013.07.17 01:03:01.728,0.74186,0.7422,1.50,2.82
2013.07.17 01:03:02.339,0.74182,0.74219,1.88,2.07
2013.07.17 01:03:02.678,0.74183,0.74219,1.13,2.82
2013.07.17 01:03:02.889,0.74184,0.74219,1.13,2.82
2013.07.17 01:03:03.109,0.74183,0.74219,1.13,2.82
2013.07.17 01:03:03.440,0.74182,0.74219,1.13,2.44
2013.07.17 01:03:04.078,0.74188,0.74221,1.50,2.44
2013.07.17 01:03:06.239,0.74185,0.74222,1.13,2.44
2013.07.17 01:03:09.659,0.7419,0.74225,1.50,2.44
2013.07.17 01:03:11.177,0.74189,0.74224,1.13,1.69
2013.07.17 01:03:11.404,0.74189,0.74221,1.13,2.44
2013.07.17 01:03:11.948,0.74188,0.74221,1.13,2.44
2013.07.17 01:03:14.109,0.74189,0.74221,1.50,2.44
2013.07.17 01:03:14.699,0.74187,0.74221,1.13,2.44
2013.07.17 01:03:15.238,0.7419,0.74221,1.50,2.44
2013.07.17 01:03:15.478,0.7419,0.74224,1.50,2.44
2013.07.17 01:03:19.030,0.7419,0.74225,1.50,2.44
2013.07.17 01:03:19.325,0.7419,0.74223,1.50,2.44
2013.07.17 01:03:19.658,0.74185,0.7422,1.50,2.44
2013.07.17 01:03:20.363,0.74184,0.7422,1.13,2.44
2013.07.17 01:03:23.177,0.74184,0.7422,1.13,2.44
2013.07.17 01:03:23.549,0.74184,0.74223,1.13,1.69
2013.07.17 01:03:23.728,0.74192,0.74225,1.50,2.44
2013.07.17 01:03:24.339,0.74192,0.74224,1.50,2.44
2013.07.17 01:03:24.880,0.74192,0.74224,1.50,2.44
2013.07.17 01:03:24.938,0.74195,0.74224,1.50,2.44
2013.07.17 01:03:26.649,0.74191,0.74224,1.50,2.44
2013.07.17 01:03:26.798,0.74191,0.74227,1.50,2.44
2013.07.17 01:03:26.918,0.74195,0.74227,1.50,2.44
2013.07.17 01:03:27.098,0.74192,0.74227,1.50,2.44
2013.07.17 01:03:27.468,0.74191,0.74227,1.50,2.44
2013.07.17 01:03:27.678,0.74191,0.74227,1.50,2.44
2013.07.17 01:03:27.917,0.74191,0.74227,1.50,2.44
2013.07.17 01:03:28.360,0.74191,0.74227,1.50,2.44
2013.07.17 01:03:29.123,0.74194,0.74223,1.13,1.32
2013.07.17 01:03:30.609,0.74194,0.74223,1.13,1.32
2013.07.17 01:03:31.852,0.74192,0.74227,1.13,1.32
2013.07.17 01:03:33.018,0.74195,0.74227,1.50,2.44
2013.07.17 01:03:33.148,0.74192,0.74227,1.88,2.44
2013.07.17 01:03:33.728,0.74194,0.74227,1.88,2.44
2013.07.17 01:03:33.879,0.74196,0.74227,1.50,2.44
2013.07.17 01:03:34.118,0.74196,0.7423,1.88,2.44
2013.07.17 01:03:34.178,0.74201,0.74233,1.88,2.44
2013.07.17 01:03:34.417,0.74208,0.74235,1.50,2.44
2013.07.17 01:03:34.958,0.74207,0.74235,1.50,2.44
2013.07.17 01:03:35.079,0.74207,0.74237,1.50,2.44
2013.07.17 01:03:35.890,0.74205,0.74237,1.88,2.44
2013.07.17 01:03:36.329,0.74205,0.74235,1.88,2.44
2013.07.17 01:03:37.468,0.74205,0.74235,1.13,2.44
2013.07.17 01:03:38.035,0.74204,0.74235,1.50,2.44
2013.07.17 01:03:38.583,0.74202,0.74233,1.50,1.69
2013.07.17 01:03:38.857,0.74204,0.74233,1.50,2.44
2013.07.17 01:03:39.988,0.74205,0.74235,1.50,2.44
2013.07.17 01:03:40.048,0.74206,0.74239,1.50,1.69
2013.07.17 01:03:40.228,0.74211,0.74241,1.50,2.44
2013.07.17 01:03:40.749,0.74207,0.74242,1.50,2.44
2013.07.17 01:03:41.616,0.74207,0.74242,1.50,2.82
2013.07.17 01:03:42.949,0.74207,0.74242,1.50,1.32
2013.07.17 01:03:43.487,0.74207,0.74243,1.88,2.44
2013.07.17 01:03:43.608,0.74207,0.74246,1.88,1.32
2013.07.17 01:03:44.237,0.74207,0.74247,1.88,2.44
2013.07.17 01:03:44.539,0.74207,0.74247,1.50,2.44
2013.07.17 01:03:45.660,0.74207,0.74246,1.50,2.82
2013.07.17 01:03:47.859,0.74207,0.74245,1.50,2.44
2013.07.17 01:03:48.249,0.74207,0.74245,1.50,3.57
2013.07.17 01:03:48.488,0.7421,0.74245,1.13,2.44
2013.07.17 01:03:49.880,0.74211,0.74242,1.13,1.32
2013.07.17 01:03:51.927,0.7421,0.74241,1.13,1.32
2013.07.17 01:03:53.509,0.7421,0.74239,1.13,1.32
2013.07.17 01:03:53.748,0.74211,0.74237,1.13,1.32
2013.07.17 01:03:56.258,0.7421,0.74236,1.13,1.32
2013.07.17 01:03:57.208,0.74207,0.74234,1.50,1.32
2013.07.17 01:03:57.268,0.74204,0.74235,1.88,1.32
2013.07.17 01:03:59.647,0.74206,0.74237,1.50,1.32
2013.07.17 01:04:00.440,0.74207,0.7424,1.50,2.44
2013.07.17 01:04:00.798,0.74209,0.74239,1.13,2.44
2013.07.17 01:04:01.227,0.74206,0.74234,1.13,1.32
2013.07.17 01:04:01.489,0.74205,0.74234,1.13,1.32
2013.07.17 01:04:03.818,0.74202,0.74232,1.13,2.44
2013.07.17 01:04:04.579,0.74202,0.74232,1.13,2.44
2013.07.17 01:04:04.749,0.74202,0.74232,1.13,2.44
2013.07.17 01:04:05.658,0.74202,0.74232,1.13,2.44
2013.07.17 01:04:05.918,0.74208,0.74232,1.13,2.44
2013.07.17 01:04:06.098,0.7421,0.74233,1.13,1.32
2013.07.17 01:04:06.469,0.74203,0.74233,1.13,2.82
2013.07.17 01:04:06.588,0.74202,0.74231,1.13,2.44
2013.07.17 01:04:06.828,0.74201,0.74229,1.50,1.32
2013.07.17 01:04:06.888,0.74201,0.74227,1.50,1.32
2013.07.17 01:04:07.468,0.742,0.74226,1.13,1.32
2013.07.17 01:04:07.799,0.74198,0.74224,1.13,2.63
2013.07.17 01:04:08.781,0.74198,0.74223,1.13,2.44
2013.07.17 01:04:08.889,0.74198,0.74224,1.13,1.32
2013.07.17 01:04:08.989,0.74198,0.7423,1.13,1.32
2013.07.17 01:04:09.049,0.74198,0.7423,1.13,1.32
2013.07.17 01:04:10.190,0.74198,0.7423,1.13,1.32
2013.07.17 01:04:14.609,0.74198,0.74229,1.13,1.32
2013.07.17 01:04:16.359,0.74198,0.74227,1.13,1.32
2013.07.17 01:04:16.568,0.74198,0.74232,1.32,1.32
2013.07.17 01:04:17.301,0.74201,0.74235,1.13,1.32
2013.07.17 01:04:18.078,0.74202,0.74237,1.50,1.32
2013.07.17 01:04:18.138,0.74202,0.74237,1.50,1.32
2013.07.17 01:04:18.540,0.74203,0.74238,1.32,1.69
2013.07.17 01:04:19.878,0.74207,0.74239,1.13,2.07
2013.07.17 01:04:21.030,0.74205,0.74239,1.13,2.07
2013.07.17 01:04:21.809,0.74207,0.74239,1.13,2.07
2013.07.17 01:04:22.789,0.74206,0.74238,1.32,1.69
2013.07.17 01:04:24.338,0.74206,0.74238,1.32,2.07
2013.07.17 01:04:25.400,0.74206,0.74237,1.13,1.69
2013.07.17 01:04:25.760,0.74205,0.74237,1.13,1.69
2013.07.17 01:04:29.419,0.74204,0.74237,2.07,1.69
2013.07.17 01:04:31.259,0.74204,0.74237,2.07,1.69
2013.07.17 01:04:31.498,0.74197,0.74229,1.32,1.13
2013.07.17 01:04:31.620,0.74197,0.74233,1.13,1.32
2013.07.17 01:04:32.368,0.74197,0.74231,1.13,1.32
2013.07.17 01:04:32.520,0.74198,0.74231,1.13,1.32
2013.07.17 01:04:33.038,0.742,0.7423,1.13,1.32
2013.07.17 01:04:33.699,0.74202,0.74233,1.13,1.32
2013.07.17 01:04:34.249,0.742,0.74233,1.13,1.32
2013.07.17 01:04:34.418,0.74197,0.74233,1.13,2.07
2013.07.17 01:04:36.538,0.74201,0.74232,1.13,1.32
2013.07.17 01:04:38.589,0.742,0.74232,1.13,1.32
2013.07.17 01:04:40.629,0.742,0.74233,1.13,1.32
2013.07.17 01:04:41.920,0.74199,0.74231,1.13,1.69
2013.07.17 01:04:43.329,0.74198,0.74229,1.13,1.32
2013.07.17 01:04:45.638,0.74199,0.74228,1.13,1.32
2013.07.17 01:04:46.389,0.74199,0.74228,1.13,1.32
2013.07.17 01:04:47.458,0.74197,0.74228,1.32,1.69
2013.07.17 01:04:49.209,0.74197,0.7423,1.32,1.32
2013.07.17 01:04:49.388,0.74201,0.74236,1.32,1.69
2013.07.17 01:04:49.448,0.74199,0.7423,2.07,1.13
2013.07.17 01:04:49.568,0.74198,0.74229,1.32,1.13
2013.07.17 01:04:49.688,0.74196,0.74229,1.32,1.13
2013.07.17 01:04:49.808,0.74196,0.74229,1.32,1.13
2013.07.17 01:04:50.866,0.74196,0.74228,1.32,1.32
2013.07.17 01:04:51.574,0.74196,0.74227,1.32,1.32
2013.07.17 01:04:55.059,0.74196,0.74225,1.13,1.32
2013.07.17 01:04:55.519,0.74193,0.74222,1.13,1.32
2013.07.17 01:04:55.639,0.7419,0.74222,1.32,1.32
2013.07.17 01:04:56.613,0.74187,0.74225,1.13,2.07
2013.07.17 01:04:57.928,0.74183,0.74224,1.13,1.69
2013.07.17 01:04:58.048,0.74183,0.74224,1.13,1.32
2013.07.17 01:04:58.369,0.74187,0.74223,1.50,1.32
2013.07.17 01:04:58.548,0.74183,0.74224,1.13,2.07
2013.07.17 01:04:59.068,0.74183,0.74224,1.13,2.07
2013.07.17 01:04:59.472,0.74186,0.74223,1.50,1.32
2013.07.17 01:04:59.808,0.74182,0.74224,1.32,2.07
2013.07.17 01:05:00.249,0.74187,0.74225,1.50,1.69
2013.07.17 01:05:00.878,0.74189,0.74228,1.50,2.07
2013.07.17 01:05:01.328,0.7419,0.74228,1.50,1.32
2013.07.17 01:05:02.408,0.7419,0.74225,1.50,1.13
2013.07.17 01:05:02.468,0.74189,0.74224,1.50,1.13
2013.07.17 01:05:02.878,0.74188,0.74224,1.13,1.13
2013.07.17 01:05:03.436,0.74191,0.74224,1.13,1.32
2013.07.17 01:05:03.829,0.74191,0.74224,1.32,1.13
2013.07.17 01:05:04.108,0.7419,0.74224,1.69,1.13
2013.07.17 01:05:06.738,0.74188,0.74218,1.13,1.13
2013.07.17 01:05:07.699,0.74187,0.74218,1.50,1.13
2013.07.17 01:05:08.348,0.74187,0.74223,1.50,1.32
2013.07.17 01:05:08.528,0.74187,0.74223,1.69,1.13
2013.07.17 01:05:08.888,0.74189,0.74228,1.50,2.44
2013.07.17 01:05:13.728,0.74189,0.74228,1.50,1.69
2013.07.17 01:05:16.599,0.74188,0.74227,1.50,1.88
2013.07.17 01:05:16.928,0.74188,0.74224,1.50,1.13
2013.07.17 01:05:19.478,0.74189,0.74224,1.69,1.13
2013.07.17 01:05:19.998,0.74186,0.74224,1.69,1.13
2013.07.17 01:05:20.848,0.74185,0.74224,1.69,1.32
2013.07.17 01:05:21.458,0.74183,0.7422,1.69,1.13
2013.07.17 01:05:22.620,0.74196,0.7422,1.13,1.13
2013.07.17 01:05:22.978,0.74197,0.74231,1.13,1.69
2013.07.17 01:05:24.598,0.74197,0.74231,1.13,1.69
2013.07.17 01:05:25.303,0.74197,0.74231,1.13,1.69
2013.07.17 01:05:26.098,0.74197,0.74231,1.13,1.69
2013.07.17 01:05:26.438,0.74193,0.74224,1.69,1.13
2013.07.17 01:05:26.558,0.7419,0.74224,1.69,1.13
2013.07.17 01:05:27.248,0.74186,0.74224,1.69,1.32
2013.07.17 01:05:29.399,0.74186,0.74224,2.44,1.69
2013.07.17 01:05:29.690,0.74186,0.74219,2.44,1.13
2013.07.17 01:05:32.770,0.74187,0.74223,1.69,1.69
2013.07.17 01:05:33.378,0.74189,0.74223,1.69,1.69
2013.07.17 01:05:38.408,0.74185,0.74219,1.69,1.13
2013.07.17 01:05:39.798,0.74185,0.74219,1.69,1.13
2013.07.17 01:05:43.628,0.74185,0.74224,1.69,1.69
2013.07.17 01:05:44.148,0.74179,0.74221,2.44,1.69
2013.07.17 01:05:44.518,0.7418,0.74221,1.69,1.69
2013.07.17 01:05:44.758,0.74179,0.74221,2.44,1.69
2013.07.17 01:05:45.648,0.74188,0.74221,1.13,1.69
2013.07.17 01:05:46.010,0.74188,0.74223,1.13,1.69
2013.07.17 01:05:47.749,0.74188,0.74223,1.13,1.69
2013.07.17 01:05:48.139,0.74188,0.74223,1.13,1.69
2013.07.17 01:05:50.640,0.74188,0.74222,1.13,1.69
2013.07.17 01:05:51.509,0.74188,0.74225,1.32,1.69
2013.07.17 01:05:51.629,0.74188,0.74225,1.32,1.69
2013.07.17 01:05:52.110,0.74189,0.74225,1.50,1.69
2013.07.17 01:05:54.598,0.74189,0.74227,1.69,1.69
2013.07.17 01:05:54.771,0.74189,0.74224,1.69,1.32
2013.07.17 01:05:54.971,0.74188,0.74224,1.32,1.32
2013.07.17 01:05:55.409,0.74188,0.74224,1.32,1.69
2013.07.17 01:05:57.280,0.74188,0.74224,1.32,1.32
2013.07.17 01:05:57.338,0.7419,0.74224,1.69,1.32
2013.07.17 01:05:57.460,0.7419,0.74224,1.69,1.32
2013.07.17 01:05:57.953,0.74194,0.74225,1.50,1.32
2013.07.17 01:06:00.168,0.74194,0.74228,1.50,1.32
2013.07.17 01:06:00.991,0.74195,0.74229,1.50,2.07
2013.07.17 01:06:01.597,0.74195,0.74229,1.69,1.69
2013.07.17 01:06:03.350,0.74195,0.74231,1.69,1.69
2013.07.17 01:06:09.448,0.74194,0.74228,1.50,1.69
2013.07.17 01:06:10.035,0.74194,0.74228,1.50,1.69
2013.07.17 01:06:14.580,0.74192,0.74228,1.69,1.69
2013.07.17 01:06:18.895,0.74192,0.74228,1.50,1.69
2013.07.17 01:06:28.579,0.74195,0.74228,1.50,1.32
2013.07.17 01:06:29.639,0.74195,0.74228,1.50,1.32
2013.07.17 01:06:29.898,0.74195,0.74228,1.50,1.32
2013.07.17 01:06:31.408,0.74194,0.74228,1.69,1.69
2013.07.17 01:06:33.199,0.74194,0.74228,1.69,1.69
2013.07.17 01:06:34.418,0.74194,0.74225,1.50,1.32
2013.07.17 01:06:39.709,0.74192,0.74225,1.50,1.69
2013.07.17 01:06:43.609,0.74187,0.74223,1.69,1.32
2013.07.17 01:06:43.788,0.74187,0.74223,1.50,2.07
2013.07.17 01:06:44.919,0.74187,0.74223,1.50,2.07
2013.07.17 01:06:45.317,0.74187,0.74222,1.50,1.69
2013.07.17 01:06:46.828,0.74188,0.74222,1.13,1.69
2013.07.17 01:06:47.798,0.74187,0.74221,1.69,1.69
2013.07.17 01:06:48.078,0.74187,0.74223,2.07,1.69
2013.07.17 01:06:48.139,0.74192,0.74224,1.50,1.32
2013.07.17 01:06:48.757,0.74192,0.74227,1.50,2.82
2013.07.17 01:06:49.806,0.74192,0.74223,1.50,1.32
2013.07.17 01:06:50.358,0.74187,0.74221,1.32,1.69
2013.07.17 01:06:50.418,0.74187,0.74221,1.32,1.69
2013.07.17 01:06:50.600,0.74187,0.74221,1.32,1.32
2013.07.17 01:06:50.658,0.74187,0.7422,1.32,1.32
2013.07.17 01:06:50.838,0.74182,0.74218,2.07,1.32
2013.07.17 01:06:51.348,0.74182,0.74218,1.88,2.07
2013.07.17 01:06:52.926,0.74182,0.74217,1.50,1.32
2013.07.17 01:06:54.140,0.74182,0.74216,1.50,1.32
2013.07.17 01:06:54.776,0.74182,0.74215,1.50,1.69
2013.07.17 01:06:55.329,0.74182,0.74214,1.50,1.32
2013.07.17 01:06:55.734,0.74182,0.74213,1.50,1.69
2013.07.17 01:06:56.058,0.74181,0.74209,1.50,1.13
2013.07.17 01:06:58.162,0.74181,0.74208,1.50,1.69
2013.07.17 01:07:03.671,0.7418,0.74208,1.50,2.07
2013.07.17 01:07:06.859,0.7418,0.74208,1.50,2.07
2013.07.17 01:07:09.379,0.7418,0.74208,1.50,1.32
2013.07.17 01:07:09.939,0.7418,0.74208,1.88,2.07
2013.07.17 01:07:10.538,0.74179,0.74208,1.13,1.32
2013.07.17 01:07:10.620,0.7418,0.74208,1.50,1.32
2013.07.17 01:07:14.460,0.7418,0.74209,1.13,1.32
2013.07.17 01:07:14.638,0.74178,0.74209,1.13,2.82
2013.07.17 01:07:18.239,0.7418,0.74208,1.50,1.69
2013.07.17 01:07:18.690,0.74175,0.74206,2.07,1.69
2013.07.17 01:07:18.809,0.74171,0.74204,1.50,2.07
2013.07.17 01:07:19.168,0.74167,0.742,1.13,1.69
2013.07.17 01:07:19.689,0.74163,0.74195,1.50,1.32
2013.07.17 01:07:20.218,0.74163,0.74197,1.13,1.69
2013.07.17 01:07:20.769,0.74163,0.74197,1.13,1.69
2013.07.17 01:07:29.028,0.74169,0.74196,1.13,1.13
2013.07.17 01:07:33.989,0.74169,0.74201,1.13,1.32
2013.07.17 01:07:37.370,0.7417,0.74201,1.13,2.82
2013.07.17 01:07:38.654,0.74169,0.74201,1.13,1.32
2013.07.17 01:07:40.357,0.74169,0.74201,1.13,1.69
2013.07.17 01:07:43.331,0.74169,0.742,1.13,1.32
2013.07.17 01:07:43.648,0.7417,0.742,1.13,1.32
2013.07.17 01:07:44.420,0.7417,0.742,1.13,1.32
2013.07.17 01:07:44.980,0.7417,0.742,1.13,1.32
2013.07.17 01:07:49.049,0.74171,0.742,1.13,1.32
2013.07.17 01:07:54.340,0.74175,0.74202,1.13,1.32
2013.07.17 01:07:57.310,0.74174,0.74201,1.13,1.32
2013.07.17 01:08:01.370,0.74174,0.74205,1.13,2.25
2013.07.17 01:08:04.085,0.74173,0.74204,1.13,2.63
2013.07.17 01:08:06.599,0.74173,0.74204,1.13,2.63
2013.07.17 01:08:06.844,0.74173,0.74204,1.13,1.32
2013.07.17 01:08:07.529,0.74181,0.74204,1.13,1.32
2013.07.17 01:08:08.739,0.7418,0.74204,1.13,1.13
2013.07.17 01:08:09.168,0.74177,0.74204,1.13,1.13
2013.07.17 01:08:09.730,0.74173,0.74204,1.13,2.25
2013.07.17 01:08:11.979,0.74174,0.74203,1.13,1.13
2013.07.17 01:08:12.100,0.74174,0.74203,1.13,1.13
2013.07.17 01:08:12.228,0.74174,0.74207,1.13,2.44
2013.07.17 01:08:12.669,0.74175,0.74209,1.13,2.44
2013.07.17 01:08:13.758,0.74175,0.74207,1.13,2.44
2013.07.17 01:08:15.319,0.74175,0.74208,1.13,2.44
2013.07.17 01:08:16.429,0.74175,0.74209,1.13,2.82
2013.07.17 01:08:17.050,0.74176,0.74209,1.13,2.82
2013.07.17 01:08:20.333,0.74176,0.74205,1.13,1.32
2013.07.17 01:08:20.708,0.74176,0.74205,1.13,1.32
2013.07.17 01:08:20.948,0.74175,0.74205,1.13,1.69
2013.07.17 01:08:21.128,0.74175,0.74205,1.13,1.32
2013.07.17 01:08:21.308,0.74175,0.74207,1.13,1.32
2013.07.17 01:08:21.728,0.74176,0.74208,1.13,3.57
2013.07.17 01:08:21.900,0.74175,0.74207,1.13,1.32
2013.07.17 01:08:23.399,0.74176,0.74205,1.13,1.32
2013.07.17 01:08:23.458,0.74176,0.74205,1.13,2.44
2013.07.17 01:08:26.905,0.74173,0.74205,1.13,2.82
2013.07.17 01:08:27.230,0.74175,0.74203,1.13,1.32
2013.07.17 01:08:27.428,0.74175,0.74203,1.13,1.32
2013.07.17 01:08:28.568,0.74174,0.74202,1.13,1.32
2013.07.17 01:08:30.598,0.74174,0.74202,1.13,1.32
2013.07.17 01:08:31.250,0.74172,0.74202,1.13,1.13
2013.07.17 01:08:33.250,0.74171,0.742,1.50,1.13
2013.07.17 01:08:35.351,0.7417,0.742,1.69,1.13
2013.07.17 01:08:35.470,0.74169,0.742,1.32,1.13
2013.07.17 01:08:35.589,0.74174,0.74202,1.13,1.69
2013.07.17 01:08:36.220,0.74173,0.74202,1.13,1.32
2013.07.17 01:08:38.089,0.74173,0.74201,1.13,1.13
2013.07.17 01:08:39.468,0.74173,0.74202,1.13,1.32
2013.07.17 01:08:46.680,0.74174,0.74203,1.13,1.13
2013.07.17 01:08:49.241,0.74174,0.74203,1.13,1.32
2013.07.17 01:08:49.758,0.74173,0.74202,1.50,2.63
2013.07.17 01:08:54.279,0.74172,0.74201,1.50,2.82
2013.07.17 01:08:55.397,0.74172,0.74201,1.50,2.82
2013.07.17 01:08:55.579,0.74172,0.742,1.50,1.32
2013.07.17 01:08:56.080,0.74172,0.74201,1.50,1.32
2013.07.17 01:08:58.430,0.74173,0.74201,1.50,1.32
2013.07.17 01:08:58.609,0.74172,0.742,1.50,1.32
2013.07.17 01:08:59.188,0.74172,0.742,1.88,1.32
2013.07.17 01:08:59.328,0.74172,0.74201,1.88,1.32
2013.07.17 01:09:01.399,0.74173,0.74202,1.13,1.32
2013.07.17 01:09:01.999,0.74171,0.74199,1.13,1.13
2013.07.17 01:09:02.059,0.74171,0.74198,1.13,2.44
2013.07.17 01:09:02.380,0.74171,0.74198,1.13,2.44
2013.07.17 01:09:02.558,0.7417,0.742,1.50,1.32
2013.07.17 01:09:03.553,0.7417,0.74199,1.50,1.32
2013.07.17 01:09:03.788,0.74174,0.74203,1.13,2.44
2013.07.17 01:09:05.130,0.74173,0.74203,1.13,2.44
2013.07.17 01:09:05.538,0.74172,0.74199,1.13,2.44
2013.07.17 01:09:06.659,0.7417,0.74199,1.13,2.44
2013.07.17 01:09:07.169,0.74171,0.74201,1.13,2.44
2013.07.17 01:09:08.780,0.7417,0.74199,1.50,2.44
2013.07.17 01:09:09.640,0.74169,0.74199,1.88,2.44
2013.07.17 01:09:10.280,0.74167,0.74197,1.13,2.25
2013.07.17 01:09:11.671,0.74167,0.74199,1.13,2.44
2013.07.17 01:09:12.385,0.74167,0.74198,1.13,2.44
2013.07.17 01:09:16.201,0.74168,0.74197,1.13,2.44
2013.07.17 01:09:18.449,0.74174,0.74199,1.50,1.32
2013.07.17 01:09:18.570,0.74175,0.74203,1.50,2.44
2013.07.17 01:09:18.689,0.74177,0.74204,1.50,2.82
2013.07.17 01:09:19.058,0.74173,0.74202,1.50,2.44
2013.07.17 01:09:19.119,0.74172,0.74202,1.13,2.44
2013.07.17 01:09:19.358,0.7417,0.742,1.13,2.44
2013.07.17 01:09:21.249,0.74168,0.74199,1.13,1.69
2013.07.17 01:09:21.428,0.74167,0.74195,1.13,2.44
2013.07.17 01:09:21.669,0.74166,0.74195,1.50,2.44
2013.07.17 01:09:23.419,0.74165,0.74193,1.50,2.44
2013.07.17 01:09:24.724,0.74165,0.74195,1.50,2.25
2013.07.17 01:09:33.428,0.74166,0.74194,1.50,2.25
2013.07.17 01:09:35.059,0.74166,0.74194,1.88,2.25
2013.07.17 01:09:36.199,0.74166,0.74193,1.88,2.44
2013.07.17 01:09:37.548,0.74166,0.74191,1.88,2.44
2013.07.17 01:09:37.609,0.74166,0.74191,1.50,2.44
2013.07.17 01:09:44.630,0.74159,0.74189,1.13,2.44
2013.07.17 01:09:49.766,0.74159,0.74187,1.13,2.44
2013.07.17 01:10:03.778,0.7416,0.74188,1.13,2.44
2013.07.17 01:10:10.181,0.7416,0.74189,1.13,2.44
2013.07.17 01:10:21.274,0.74157,0.74188,1.69,1.32
2013.07.17 01:10:21.700,0.74157,0.74189,1.69,2.82
2013.07.17 01:10:22.459,0.74157,0.74189,1.69,1.32
2013.07.17 01:10:22.808,0.74157,0.74189,1.69,1.32
2013.07.17 01:10:25.454,0.74158,0.7419,1.32,2.44
2013.07.17 01:10:26.909,0.74157,0.7419,1.13,2.44
2013.07.17 01:10:31.418,0.74156,0.74191,2.25,2.44
2013.07.17 01:10:33.231,0.74159,0.74191,1.13,2.44
2013.07.17 01:10:33.879,0.74159,0.74189,1.13,2.44
2013.07.17 01:10:39.678,0.74167,0.7419,1.13,2.82
2013.07.17 01:10:40.060,0.74163,0.74188,1.13,2.44
2013.07.17 01:10:43.689,0.7416,0.74189,1.13,2.44
2013.07.17 01:10:44.900,0.7416,0.7419,1.13,2.82
2013.07.17 01:10:49.311,0.7416,0.74191,1.13,2.44
2013.07.17 01:10:49.661,0.74159,0.74188,1.13,2.44
2013.07.17 01:10:54.219,0.74159,0.74191,2.25,2.44
2013.07.17 01:10:54.338,0.7416,0.74194,1.13,2.44
2013.07.17 01:10:58.069,0.74164,0.74192,1.13,2.44
2013.07.17 01:10:58.378,0.74163,0.74189,1.13,1.69
2013.07.17 01:10:59.625,0.74163,0.74189,1.13,2.44
2013.07.17 01:10:59.850,0.74161,0.74189,1.13,2.44
2013.07.17 01:11:00.028,0.74161,0.74188,1.13,2.44
2013.07.17 01:11:00.134,0.74161,0.74182,1.13,2.44
2013.07.17 01:11:00.839,0.7416,0.74182,1.13,2.44
2013.07.17 01:11:01.159,0.7416,0.74186,1.13,2.44
2013.07.17 01:11:01.449,0.74162,0.7419,1.50,2.44
2013.07.17 01:11:01.569,0.74163,0.74194,1.50,2.44
2013.07.17 01:11:02.190,0.74163,0.74192,1.13,1.32
2013.07.17 01:11:02.440,0.7416,0.74188,1.13,2.25
2013.07.17 01:11:03.749,0.7416,0.74191,1.13,2.44
2013.07.17 01:11:04.588,0.74161,0.74192,2.07,1.69
2013.07.17 01:11:04.869,0.7416,0.7419,1.13,2.44
2013.07.17 01:11:07.439,0.74162,0.7419,1.13,2.44
2013.07.17 01:11:07.498,0.74162,0.74194,1.13,2.44
2013.07.17 01:11:09.439,0.74161,0.74193,2.25,1.69
2013.07.17 01:11:09.499,0.74157,0.74191,1.32,1.13
2013.07.17 01:11:09.619,0.74157,0.74191,1.69,1.13
2013.07.17 01:11:09.679,0.74163,0.74193,1.13,1.32
2013.07.17 01:11:09.799,0.74163,0.74188,1.13,2.44
2013.07.17 01:11:10.218,0.74165,0.74192,1.13,2.44
2013.07.17 01:11:10.618,0.74166,0.74195,1.50,2.44
2013.07.17 01:11:10.798,0.74167,0.74196,1.13,2.44
2013.07.17 01:11:14.290,0.74166,0.74196,1.50,2.44
2013.07.17 01:11:16.290,0.74166,0.74196,1.50,2.44
2013.07.17 01:11:19.499,0.74166,0.74195,1.50,2.44
2013.07.17 01:11:20.390,0.74166,0.74195,1.50,2.44
2013.07.17 01:11:21.329,0.74166,0.74196,1.50,2.44
2013.07.17 01:11:22.758,0.74164,0.74196,1.50,2.44
2013.07.17 01:11:23.298,0.74163,0.74196,1.50,2.44
2013.07.17 01:11:23.638,0.74163,0.74193,1.50,2.44
2013.07.17 01:11:24.598,0.74163,0.74193,1.50,2.44
2013.07.17 01:11:25.519,0.74165,0.74189,1.13,2.44
2013.07.17 01:11:27.635,0.7416,0.74192,1.13,2.25
2013.07.17 01:11:28.758,0.74162,0.74193,1.13,2.44
2013.07.17 01:11:33.331,0.74163,0.74193,1.88,2.44
2013.07.17 01:11:33.509,0.74167,0.74195,1.50,2.44
2013.07.17 01:11:33.629,0.74166,0.74198,1.50,2.44
2013.07.17 01:11:36.329,0.74169,0.742,1.50,2.44
2013.07.17 01:11:37.369,0.74169,0.742,1.50,2.44
2013.07.17 01:11:38.598,0.7417,0.74201,1.50,2.44
2013.07.17 01:11:41.306,0.7417,0.742,1.50,2.25
2013.07.17 01:11:43.438,0.7417,0.74198,1.50,2.44
2013.07.17 01:11:45.715,0.74165,0.74197,1.50,2.44
2013.07.17 01:11:47.400,0.74165,0.74197,1.50,2.44
2013.07.17 01:11:47.579,0.74165,0.74195,1.50,2.44
2013.07.17 01:11:50.699,0.74164,0.74191,1.13,1.50
2013.07.17 01:11:55.650,0.74163,0.74193,1.50,2.44
2013.07.17 01:11:55.768,0.74163,0.74196,1.50,2.44
2013.07.17 01:11:57.659,0.74163,0.74194,1.50,2.44
2013.07.17 01:11:58.198,0.74161,0.74194,1.32,2.44
2013.07.17 01:11:59.789,0.74164,0.74193,1.50,2.44
2013.07.17 01:12:01.470,0.74163,0.7419,1.50,2.44
2013.07.17 01:12:02.359,0.74163,0.7419,1.50,2.44
2013.07.17 01:12:03.711,0.74166,0.74191,1.13,2.44
2013.07.17 01:12:06.609,0.74166,0.74192,1.13,2.44
2013.07.17 01:12:07.149,0.74164,0.74191,1.50,2.44
2013.07.17 01:12:11.219,0.7416,0.74189,1.13,2.44
2013.07.17 01:12:14.833,0.7416,0.74188,1.13,2.44
2013.07.17 01:12:15.189,0.7416,0.74188,1.88,2.44
2013.07.17 01:12:15.489,0.7416,0.74192,1.88,2.44
2013.07.17 01:12:15.959,0.74163,0.74192,1.88,2.44
2013.07.17 01:12:16.139,0.74163,0.74193,1.50,2.44
2013.07.17 01:12:16.378,0.74163,0.74196,1.50,2.63
2013.07.17 01:12:19.651,0.74167,0.74198,1.50,2.44
2013.07.17 01:12:21.379,0.74167,0.74197,1.13,2.44
2013.07.17 01:12:22.380,0.74167,0.74197,1.88,2.44
2013.07.17 01:12:22.919,0.74169,0.74196,1.13,2.44
2013.07.17 01:12:22.979,0.74169,0.74196,1.13,2.44
2013.07.17 01:12:23.099,0.74169,0.74199,1.13,2.44
2013.07.17 01:12:24.871,0.7417,0.742,1.88,2.44
2013.07.17 01:12:25.519,0.74167,0.742,2.07,2.44
2013.07.17 01:12:25.872,0.74167,0.74198,1.50,2.44
2013.07.17 01:12:27.630,0.74167,0.74198,1.50,2.44
2013.07.17 01:12:31.812,0.74167,0.74196,1.50,2.44
2013.07.17 01:12:36.499,0.74167,0.74196,1.50,2.44
2013.07.17 01:12:37.752,0.74167,0.74195,1.50,2.44
2013.07.17 01:12:39.560,0.74167,0.74196,1.50,2.44
2013.07.17 01:12:40.761,0.74166,0.74195,1.50,2.44
2013.07.17 01:12:44.773,0.74164,0.74194,1.88,2.25
2013.07.17 01:12:45.629,0.74167,0.74196,1.50,2.44
2013.07.17 01:12:46.423,0.74167,0.74196,1.88,2.44
2013.07.17 01:12:49.491,0.74167,0.74195,1.13,2.44
2013.07.17 01:12:50.798,0.74166,0.74195,1.50,2.44
2013.07.17 01:12:52.795,0.74167,0.74197,1.50,2.44
2013.07.17 01:12:53.799,0.74167,0.74196,1.50,2.44
2013.07.17 01:12:59.613,0.74165,0.74195,1.13,2.44
2013.07.17 01:13:00.639,0.74165,0.74194,1.13,2.44
2013.07.17 01:13:01.030,0.74165,0.74191,1.13,2.44
2013.07.17 01:13:03.769,0.74165,0.74194,1.13,2.44
2013.07.17 01:13:04.979,0.74165,0.74193,1.13,2.44
2013.07.17 01:13:09.489,0.74167,0.74193,1.50,2.44
2013.07.17 01:13:09.549,0.74167,0.74196,1.50,2.44
2013.07.17 01:13:12.800,0.74167,0.74197,1.50,2.44
2013.07.17 01:13:13.701,0.74167,0.74195,1.50,2.44
2013.07.17 01:13:15.449,0.74165,0.74195,1.13,2.44
2013.07.17 01:13:18.859,0.74167,0.74196,1.50,2.44
2013.07.17 01:13:19.629,0.74165,0.74194,1.88,2.44
2013.07.17 01:13:26.487,0.7416,0.74193,1.50,2.44
2013.07.17 01:13:27.231,0.7416,0.74191,1.13,2.25
2013.07.17 01:13:27.539,0.74164,0.74195,1.13,2.44
2013.07.17 01:13:31.599,0.74164,0.74196,1.13,2.44
2013.07.17 01:13:33.369,0.74165,0.74196,1.13,2.44
2013.07.17 01:13:33.970,0.74165,0.74197,1.13,2.44
2013.07.17 01:13:34.950,0.74165,0.74198,1.13,2.44
2013.07.17 01:13:36.141,0.74165,0.74198,1.13,2.44
2013.07.17 01:13:37.461,0.74165,0.74195,1.13,2.44
2013.07.17 01:13:38.140,0.74165,0.74195,1.13,2.44
2013.07.17 01:13:39.060,0.74165,0.74195,1.13,2.44
2013.07.17 01:13:41.350,0.74169,0.74195,1.13,2.44
2013.07.17 01:13:42.258,0.74164,0.74195,1.13,2.44
2013.07.17 01:13:42.809,0.74168,0.74196,1.13,2.25
2013.07.17 01:13:43.549,0.74168,0.74195,1.13,2.44
2013.07.17 01:13:44.428,0.74164,0.74195,1.88,2.44
2013.07.17 01:13:46.933,0.74164,0.74197,1.88,2.44
2013.07.17 01:13:48.939,0.7416,0.74192,1.50,2.44
2013.07.17 01:13:50.461,0.7416,0.74192,1.50,2.44
2013.07.17 01:13:51.471,0.7416,0.74192,1.50,2.44
2013.07.17 01:13:51.899,0.74161,0.74194,1.50,2.44
2013.07.17 01:13:56.280,0.74161,0.74193,1.69,2.44
2013.07.17 01:13:57.963,0.74162,0.74192,1.88,2.44
2013.07.17 01:14:01.529,0.74162,0.74193,1.50,2.44
2013.07.17 01:14:02.310,0.74165,0.74196,1.13,2.44
2013.07.17 01:14:04.090,0.74165,0.74197,1.13,2.44
2013.07.17 01:14:06.490,0.74165,0.74197,1.50,2.44
2013.07.17 01:14:07.350,0.74168,0.74197,1.13,2.44
2013.07.17 01:14:07.560,0.74164,0.74197,1.13,2.44
2013.07.17 01:14:10.610,0.74164,0.74194,1.13,2.44
2013.07.17 01:14:15.532,0.74165,0.74195,1.13,2.44
2013.07.17 01:14:15.659,0.74165,0.74197,1.13,2.25
2013.07.17 01:14:16.410,0.74165,0.74197,1.13,2.25
2013.07.17 01:14:17.015,0.74165,0.74196,1.13,2.25
2013.07.17 01:14:18.620,0.74165,0.74196,1.13,2.25
2013.07.17 01:14:19.334,0.74162,0.74196,1.69,2.25
2013.07.17 01:14:22.692,0.74162,0.74195,1.69,2.44
2013.07.17 01:14:25.500,0.74162,0.74194,1.50,2.44
2013.07.17 01:14:26.220,0.74159,0.74194,1.13,2.44
2013.07.17 01:14:28.123,0.7416,0.74191,1.13,2.25
2013.07.17 01:14:33.227,0.74155,0.74192,1.32,2.44
2013.07.17 01:14:37.049,0.74159,0.74193,1.13,2.44
2013.07.17 01:14:38.320,0.74159,0.74192,1.13,2.44
2013.07.17 01:14:39.479,0.74159,0.74195,1.13,2.44
2013.07.17 01:14:40.589,0.74163,0.74193,1.50,2.44
2013.07.17 01:14:41.360,0.74163,0.74196,1.50,2.44
2013.07.17 01:14:45.229,0.74163,0.74196,1.50,2.44
2013.07.17 01:14:45.449,0.74164,0.74194,1.13,2.44
2013.07.17 01:14:47.870,0.74161,0.74193,1.13,2.44
2013.07.17 01:14:49.489,0.7416,0.74192,1.88,2.44
2013.07.17 01:14:50.499,0.74159,0.74191,1.13,2.25
2013.07.17 01:14:53.077,0.74159,0.7419,1.13,2.44
2013.07.17 01:14:54.282,0.74159,0.74191,1.13,2.44
2013.07.17 01:14:54.641,0.74155,0.74191,1.13,2.44
2013.07.17 01:14:54.709,0.74157,0.74188,1.13,2.25
2013.07.17 01:14:55.059,0.74165,0.74189,1.13,2.44
2013.07.17 01:15:00.379,0.7416,0.74188,1.88,2.44
2013.07.17 01:15:00.619,0.74154,0.74188,2.07,2.44
2013.07.17 01:15:01.169,0.74166,0.74189,1.13,2.44
2013.07.17 01:15:01.874,0.74155,0.74188,1.50,2.44
2013.07.17 01:15:06.989,0.74165,0.7419,1.13,1.32
2013.07.17 01:15:12.119,0.74161,0.74191,2.25,2.82
2013.07.17 01:15:12.240,0.74161,0.74187,1.13,2.44
2013.07.17 01:15:12.600,0.74165,0.74188,1.13,2.44
2013.07.17 01:15:12.660,0.74165,0.74192,1.13,3.38
2013.07.17 01:15:15.311,0.74165,0.74192,1.13,2.44
2013.07.17 01:15:15.905,0.74165,0.74193,1.13,1.32
2013.07.17 01:15:16.465,0.74165,0.74198,1.13,1.32
2013.07.17 01:15:27.539,0.74167,0.742,1.13,1.32
2013.07.17 01:15:28.700,0.74166,0.74199,1.13,1.32
2013.07.17 01:15:28.879,0.74165,0.74199,1.50,1.69
2013.07.17 01:15:33.316,0.74165,0.74193,1.50,1.13
2013.07.17 01:15:33.516,0.74165,0.74193,1.50,2.44
2013.07.17 01:15:34.159,0.74166,0.74194,1.13,2.44
2013.07.17 01:15:35.233,0.74166,0.74195,1.13,2.44
2013.07.17 01:15:37.528,0.74166,0.74198,1.13,3.19
2013.07.17 01:15:41.442,0.74165,0.74196,1.13,2.44
2013.07.17 01:15:44.300,0.74164,0.74195,1.13,2.44
2013.07.17 01:15:46.209,0.74164,0.74192,1.13,2.25
2013.07.17 01:15:48.039,0.74165,0.74192,1.13,2.25
2013.07.17 01:15:48.389,0.74165,0.7419,1.13,2.44
2013.07.17 01:15:51.429,0.74165,0.74193,1.13,2.44
2013.07.17 01:15:53.131,0.74166,0.74191,1.13,2.44
2013.07.17 01:15:54.935,0.74166,0.74193,1.13,2.25
2013.07.17 01:16:01.160,0.74166,0.74191,1.13,2.25
2013.07.17 01:16:01.610,0.74166,0.74195,1.13,2.44
2013.07.17 01:16:02.119,0.74175,0.74199,1.13,3.19
2013.07.17 01:16:02.180,0.74175,0.74199,1.13,2.44
2013.07.17 01:16:02.360,0.74176,0.74208,1.13,1.50
2013.07.17 01:16:02.420,0.74171,0.74208,1.50,1.50
2013.07.17 01:16:02.779,0.74162,0.74201,1.69,2.25
2013.07.17 01:16:02.899,0.7416,0.74196,2.07,1.50
2013.07.17 01:16:03.259,0.74156,0.7419,1.13,2.44
2013.07.17 01:16:03.690,0.74154,0.74185,1.50,2.44
2013.07.17 01:16:05.249,0.74152,0.74186,1.88,2.44
2013.07.17 01:16:06.659,0.74152,0.74184,1.88,2.44
2013.07.17 01:16:09.289,0.74152,0.74182,1.88,2.25
2013.07.17 01:16:10.060,0.74151,0.74183,1.50,2.44
2013.07.17 01:16:10.730,0.74156,0.74185,1.13,2.44
2013.07.17 01:16:11.379,0.74156,0.74185,1.13,2.44
2013.07.17 01:16:12.684,0.74156,0.74183,1.13,2.25
2013.07.17 01:16:15.493,0.74156,0.74188,1.13,2.44
2013.07.17 01:16:15.635,0.74156,0.74186,1.13,2.25
2013.07.17 01:16:17.762,0.74156,0.74186,1.13,2.25
2013.07.17 01:16:18.071,0.74159,0.74187,1.13,2.44
2013.07.17 01:16:18.489,0.74156,0.74184,1.13,2.44
2013.07.17 01:16:18.549,0.74156,0.74184,1.13,2.44
2013.07.17 01:16:21.169,0.74156,0.74184,1.13,2.44
2013.07.17 01:16:21.367,0.74156,0.74184,1.13,2.44
2013.07.17 01:16:21.771,0.74163,0.74188,1.13,2.44
2013.07.17 01:16:22.389,0.74163,0.74188,1.13,2.44
2013.07.17 01:16:22.629,0.74163,0.74193,1.13,2.44
2013.07.17 01:16:24.201,0.74163,0.74191,1.13,2.44
2013.07.17 01:16:25.000,0.74163,0.74191,1.13,2.44
2013.07.17 01:16:26.703,0.74157,0.74191,1.13,2.44
2013.07.17 01:16:28.049,0.74157,0.7419,1.13,2.44
2013.07.17 01:16:29.817,0.74157,0.74188,1.13,2.44
2013.07.17 01:16:29.880,0.74157,0.74188,1.13,2.44
2013.07.17 01:16:30.729,0.74154,0.74188,1.13,3.19
2013.07.17 01:16:32.180,0.74154,0.74185,1.13,2.44
2013.07.17 01:16:33.449,0.74154,0.74183,1.13,2.44
2013.07.17 01:16:34.539,0.74154,0.74182,1.13,2.44
2013.07.17 01:16:34.990,0.74152,0.74182,1.50,2.44
2013.07.17 01:16:35.580,0.74152,0.74182,1.50,2.44
2013.07.17 01:16:37.181,0.74152,0.74181,1.88,2.44
2013.07.17 01:16:37.359,0.74152,0.74183,1.13,2.25
2013.07.17 01:16:39.160,0.74152,0.74182,1.50,2.44
2013.07.17 01:16:39.709,0.74152,0.74182,1.50,2.44
2013.07.17 01:16:39.769,0.74152,0.74182,1.50,2.44
2013.07.17 01:16:40.313,0.74152,0.7418,1.50,2.44
2013.07.17 01:16:40.511,0.74152,0.7418,1.50,2.44
2013.07.17 01:16:40.951,0.74152,0.7418,1.50,2.44
2013.07.17 01:16:41.431,0.74152,0.74183,1.50,2.44
2013.07.17 01:16:45.083,0.74156,0.74183,1.13,2.44
2013.07.17 01:16:46.339,0.74156,0.74184,1.13,2.44
2013.07.17 01:16:49.460,0.74156,0.74183,1.13,2.44
2013.07.17 01:16:56.221,0.74155,0.74182,1.13,2.44
2013.07.17 01:16:57.157,0.74152,0.74182,1.50,2.44
2013.07.17 01:16:57.342,0.74152,0.74182,1.50,2.44
2013.07.17 01:16:57.400,0.74152,0.74182,1.50,2.44
2013.07.17 01:16:59.079,0.74154,0.74184,1.13,2.44
2013.07.17 01:17:02.709,0.74151,0.74182,1.50,2.44
2013.07.17 01:17:03.356,0.74151,0.74182,1.50,2.44
2013.07.17 01:17:03.911,0.74151,0.74182,1.50,2.44
2013.07.17 01:17:04.339,0.74152,0.74179,1.13,2.44
2013.07.17 01:17:05.289,0.74151,0.74178,1.13,2.44
2013.07.17 01:17:14.123,0.7415,0.74181,2.07,2.44
2013.07.17 01:17:14.180,0.74152,0.74181,1.50,2.44
2013.07.17 01:17:14.729,0.74153,0.74182,1.69,2.44
2013.07.17 01:17:15.322,0.74153,0.74182,2.44,2.44
2013.07.17 01:17:16.179,0.74155,0.74182,1.69,2.44
2013.07.17 01:17:17.441,0.74155,0.74183,1.69,3.19
2013.07.17 01:17:18.392,0.74154,0.74183,1.32,3.19
2013.07.17 01:17:18.719,0.74152,0.74179,1.13,2.44
2013.07.17 01:17:18.840,0.74153,0.74181,1.50,2.44
2013.07.17 01:17:19.421,0.74153,0.74181,1.50,2.44
2013.07.17 01:17:19.639,0.74154,0.74179,1.13,2.44
2013.07.17 01:17:19.779,0.74151,0.74179,1.88,2.44
2013.07.17 01:17:20.559,0.74151,0.74177,1.50,2.44
2013.07.17 01:17:27.416,0.7415,0.74178,1.88,2.44
2013.07.17 01:17:29.075,0.74152,0.74178,1.13,2.44
2013.07.17 01:17:30.501,0.74151,0.74178,1.88,2.44
2013.07.17 01:17:32.339,0.74151,0.74176,1.88,2.44
2013.07.17 01:17:37.511,0.74151,0.74178,1.88,2.25
2013.07.17 01:17:39.357,0.74151,0.74177,1.50,2.25
2013.07.17 01:17:42.569,0.7415,0.74178,2.25,2.44
2013.07.17 01:17:48.540,0.7415,0.74179,2.25,2.44
2013.07.17 01:17:53.269,0.74151,0.74177,1.13,2.44
2013.07.17 01:17:58.069,0.74151,0.74178,1.13,2.44
2013.07.17 01:18:01.474,0.74151,0.74177,1.13,2.44
2013.07.17 01:18:02.877,0.74151,0.74176,1.13,2.44
2013.07.17 01:18:05.780,0.74144,0.74176,1.32,2.44
2013.07.17 01:18:06.360,0.74151,0.74176,1.13,2.44
2013.07.17 01:18:06.539,0.74151,0.74178,1.13,2.44
2013.07.17 01:18:06.599,0.74157,0.7418,1.13,2.44
2013.07.17 01:18:08.489,0.74155,0.74181,1.13,2.44
2013.07.17 01:18:09.599,0.74155,0.74179,1.13,2.44
2013.07.17 01:18:15.299,0.74155,0.74177,1.13,2.25
2013.07.17 01:18:15.479,0.74152,0.74177,1.13,2.25
2013.07.17 01:18:16.467,0.74152,0.74176,1.13,2.44
2013.07.17 01:18:19.276,0.74152,0.74178,1.13,2.44
2013.07.17 01:18:22.310,0.74153,0.74178,1.13,3.19
2013.07.17 01:18:26.202,0.74153,0.74177,1.13,2.44
2013.07.17 01:18:31.550,0.74152,0.74177,1.13,2.44
2013.07.17 01:18:34.061,0.74152,0.7418,1.13,2.44
2013.07.17 01:18:34.241,0.74155,0.74181,1.13,2.44
2013.07.17 01:18:36.531,0.74156,0.7418,1.13,2.25
2013.07.17 01:18:42.595,0.74156,0.74177,1.13,2.44
2013.07.17 01:18:44.621,0.74155,0.7418,1.13,2.44
2013.07.17 01:18:44.680,0.74155,0.7418,1.13,2.44
2013.07.17 01:18:54.227,0.74154,0.74182,1.13,2.25
2013.07.17 01:18:55.540,0.74154,0.74181,1.13,2.44
2013.07.17 01:18:58.237,0.74154,0.74179,1.13,2.44
2013.07.17 01:19:00.143,0.74154,0.74183,1.13,2.25
2013.07.17 01:19:13.713,0.74154,0.74185,1.32,2.44
2013.07.17 01:19:15.331,0.74156,0.74183,1.13,2.25
2013.07.17 01:19:16.631,0.74156,0.74183,1.13,2.44
2013.07.17 01:19:17.551,0.74156,0.74183,1.13,2.44
2013.07.17 01:19:18.089,0.74154,0.74182,1.13,2.44
2013.07.17 01:19:18.871,0.74152,0.74182,1.13,2.44
2013.07.17 01:19:19.230,0.74153,0.74181,1.13,2.44
2013.07.17 01:19:19.293,0.74155,0.74183,1.13,2.44
2013.07.17 01:19:19.481,0.74154,0.74183,1.13,2.44
2013.07.17 01:19:19.879,0.74156,0.74186,1.88,2.44
2013.07.17 01:19:20.000,0.74157,0.74189,1.13,2.44
2013.07.17 01:19:21.180,0.7416,0.74191,1.88,2.44
2013.07.17 01:19:21.300,0.74162,0.74191,1.13,2.44
2013.07.17 01:19:21.540,0.74161,0.74194,3.75,2.44
2013.07.17 01:19:22.391,0.74162,0.74194,1.13,2.44
2013.07.17 01:19:22.570,0.74161,0.74192,1.50,2.25
2013.07.17 01:19:23.600,0.74161,0.74191,1.50,2.44
2013.07.17 01:19:27.581,0.74161,0.74188,3.00,2.44
2013.07.17 01:19:30.931,0.74162,0.74189,1.13,2.44
2013.07.17 01:19:31.240,0.74166,0.74189,1.13,2.44
2013.07.17 01:19:32.110,0.74166,0.74191,1.13,2.44
2013.07.17 01:19:32.702,0.74166,0.74191,1.13,2.44
2013.07.17 01:19:33.481,0.74166,0.74191,1.13,2.44
2013.07.17 01:19:33.839,0.74169,0.74194,1.13,2.44
2013.07.17 01:19:34.389,0.74169,0.74194,1.13,2.25
2013.07.17 01:19:34.509,0.74163,0.74194,1.32,2.25
2013.07.17 01:19:35.233,0.74164,0.74194,1.13,2.25
2013.07.17 01:19:36.902,0.74164,0.74193,1.13,2.44
2013.07.17 01:19:38.711,0.74163,0.74192,1.13,2.44
2013.07.17 01:19:42.311,0.74163,0.74193,1.32,2.25
2013.07.17 01:19:43.513,0.74163,0.74194,1.32,2.44
2013.07.17 01:19:44.171,0.74165,0.74194,1.13,2.44
2013.07.17 01:19:44.400,0.74165,0.74194,1.13,2.44
2013.07.17 01:19:45.610,0.74162,0.74194,1.32,3.19
2013.07.17 01:19:45.670,0.74161,0.74192,2.82,2.44
2013.07.17 01:19:45.879,0.74161,0.7419,2.07,1.69
2013.07.17 01:19:47.630,0.74161,0.7419,2.07,2.25
2013.07.17 01:19:50.090,0.74161,0.7419,1.32,2.25
2013.07.17 01:19:50.149,0.74161,0.74188,4.32,2.44
2013.07.17 01:19:52.649,0.74161,0.74188,4.13,2.44
2013.07.17 01:19:53.272,0.74162,0.74189,1.13,2.44
2013.07.17 01:19:55.950,0.74162,0.74188,3.00,1.69
2013.07.17 01:19:56.130,0.74162,0.74185,2.63,1.69
2013.07.17 01:19:57.662,0.74162,0.74184,2.63,2.44
2013.07.17 01:19:58.259,0.74157,0.74183,1.13,1.69
2013.07.17 01:19:58.379,0.74157,0.74183,1.13,1.69
2013.07.17 01:20:00.721,0.74151,0.74182,1.69,2.44
2013.07.17 01:20:00.899,0.74151,0.74182,1.32,2.44
2013.07.17 01:20:00.959,0.74151,0.7418,1.13,2.44
2013.07.17 01:20:01.020,0.74151,0.7418,1.13,2.44
2013.07.17 01:20:02.123,0.74147,0.74176,1.13,2.44
2013.07.17 01:20:05.180,0.74147,0.74174,1.13,2.44
2013.07.17 01:20:06.242,0.74148,0.74177,1.13,2.44
2013.07.17 01:20:11.056,0.7415,0.74176,3.75,2.44
2013.07.17 01:20:13.769,0.7415,0.74175,3.75,2.25
2013.07.17 01:20:14.409,0.74152,0.74175,2.63,2.25
2013.07.17 01:20:17.282,0.74151,0.74176,1.50,2.44
2013.07.17 01:20:18.011,0.74151,0.74176,1.50,2.44
2013.07.17 01:20:18.139,0.74151,0.74177,2.25,2.44
2013.07.17 01:20:18.741,0.74151,0.74177,1.50,2.44
2013.07.17 01:20:19.099,0.74152,0.74178,1.50,2.44
2013.07.17 01:20:19.649,0.74152,0.74178,1.50,2.44
2013.07.17 01:20:20.241,0.74152,0.74178,1.50,2.44
2013.07.17 01:20:20.749,0.74151,0.74178,1.50,2.44
2013.07.17 01:20:20.869,0.74151,0.74178,1.50,2.44
2013.07.17 01:20:20.989,0.74151,0.74178,1.50,2.44
2013.07.17 01:20:21.511,0.74153,0.74178,1.50,2.44
2013.07.17 01:20:21.870,0.74151,0.74178,1.50,2.44
2013.07.17 01:20:22.634,0.74151,0.74178,1.50,2.44
2013.07.17 01:20:22.696,0.74151,0.74178,1.50,2.44
2013.07.17 01:20:22.831,0.74151,0.74178,1.50,2.44
2013.07.17 01:20:23.161,0.74151,0.74178,1.50,2.44
2013.07.17 01:20:23.610,0.74151,0.74175,1.50,2.44
2013.07.17 01:20:24.350,0.74153,0.74175,1.50,2.44
2013.07.17 01:20:24.417,0.74153,0.74177,1.50,2.44
2013.07.17 01:20:24.482,0.74153,0.74177,1.50,2.44
2013.07.17 01:20:24.840,0.74151,0.74177,1.50,2.44
2013.07.17 01:20:25.551,0.74151,0.74176,1.50,2.44
2013.07.17 01:20:28.810,0.74151,0.74175,1.50,2.44
2013.07.17 01:20:30.653,0.74151,0.74175,1.50,2.44
2013.07.17 01:20:31.870,0.74151,0.74177,1.50,2.44
2013.07.17 01:20:32.440,0.74155,0.74177,1.13,2.44
2013.07.17 01:20:32.500,0.74155,0.74179,1.13,2.44
2013.07.17 01:20:32.889,0.74154,0.74179,1.13,2.44
2013.07.17 01:20:34.721,0.74154,0.74179,1.88,2.44
2013.07.17 01:20:37.894,0.74154,0.74181,1.88,2.25
2013.07.17 01:20:37.950,0.74159,0.74181,1.13,2.25
2013.07.17 01:20:38.010,0.74159,0.74188,1.13,2.82
2013.07.17 01:20:38.360,0.74163,0.74188,1.13,2.44
2013.07.17 01:20:38.720,0.74167,0.74188,1.13,2.44
2013.07.17 01:20:38.900,0.74167,0.74192,1.13,2.44
2013.07.17 01:20:39.020,0.74167,0.74194,1.13,2.44
2013.07.17 01:20:39.085,0.74167,0.74194,1.13,2.44
2013.07.17 01:20:39.270,0.74159,0.74193,1.32,3.19
2013.07.17 01:20:39.759,0.74162,0.74192,1.50,2.44
2013.07.17 01:20:40.369,0.74164,0.74194,1.13,2.44
2013.07.17 01:20:40.869,0.74164,0.74194,1.13,2.44
2013.07.17 01:20:41.229,0.74177,0.74201,1.13,2.44
2013.07.17 01:20:41.790,0.74177,0.74201,1.13,2.44
2013.07.17 01:20:42.030,0.74177,0.74201,1.13,2.44
2013.07.17 01:20:42.221,0.74177,0.742,1.13,2.44
2013.07.17 01:20:42.989,0.74162,0.74197,1.69,2.44
2013.07.17 01:20:43.049,0.74162,0.74194,1.50,2.44
2013.07.17 01:20:43.169,0.74162,0.74193,1.50,2.25
2013.07.17 01:20:43.290,0.74162,0.74193,1.50,2.25
2013.07.17 01:20:43.530,0.74157,0.74188,1.13,1.50
2013.07.17 01:20:44.101,0.74157,0.74188,1.50,1.50
2013.07.17 01:20:44.219,0.74157,0.74188,1.50,1.50
2013.07.17 01:20:44.760,0.74157,0.74191,1.50,2.44
2013.07.17 01:20:45.839,0.74161,0.7419,1.88,2.44
2013.07.17 01:20:46.171,0.74161,0.74192,1.13,2.44
2013.07.17 01:20:46.230,0.7416,0.74192,1.50,2.44
2013.07.17 01:20:46.771,0.74156,0.74192,1.50,1.69
2013.07.17 01:20:47.231,0.74156,0.74189,1.13,1.50
2013.07.17 01:20:49.811,0.74153,0.74186,1.50,1.50
2013.07.17 01:20:50.411,0.74153,0.74183,1.13,2.44
2013.07.17 01:20:52.101,0.74148,0.74182,1.32,1.69
2013.07.17 01:20:52.520,0.74147,0.74175,1.13,2.25
2013.07.17 01:20:53.720,0.74146,0.74175,1.88,2.25
2013.07.17 01:20:53.839,0.74146,0.74172,1.88,1.50
2013.07.17 01:20:54.489,0.74146,0.7417,1.88,2.44
2013.07.17 01:20:55.021,0.74146,0.74171,1.88,2.44
2013.07.17 01:20:55.360,0.74149,0.74171,1.13,2.44
2013.07.17 01:20:55.880,0.74148,0.7417,1.13,2.44
2013.07.17 01:20:58.599,0.74142,0.74169,1.69,1.69
2013.07.17 01:20:58.780,0.74142,0.74168,1.13,1.50
2013.07.17 01:20:58.900,0.74142,0.74164,1.13,2.25
2013.07.17 01:20:59.330,0.74137,0.7416,1.13,1.50
2013.07.17 01:20:59.390,0.74135,0.7416,1.13,2.25
2013.07.17 01:20:59.570,0.74132,0.74158,1.13,1.50
2013.07.17 01:20:59.630,0.74132,0.74158,1.13,2.25
2013.07.17 01:20:59.811,0.74126,0.74154,1.88,1.50
2013.07.17 01:20:59.990,0.74127,0.74154,1.13,3.19
2013.07.17 01:21:00.531,0.74128,0.74155,1.13,2.44
2013.07.17 01:21:05.196,0.74132,0.74154,1.13,1.69
2013.07.17 01:21:05.600,0.74131,0.74153,1.13,2.44
2013.07.17 01:21:09.631,0.74126,0.74152,1.50,2.44
2013.07.17 01:21:10.661,0.74126,0.74153,1.50,2.44
2013.07.17 01:21:11.601,0.74126,0.74153,1.50,2.44
2013.07.17 01:21:15.650,0.74121,0.74152,1.69,1.69
2013.07.17 01:21:15.770,0.74121,0.74151,1.50,2.44
2013.07.17 01:21:16.300,0.74126,0.74149,1.50,1.69
2013.07.17 01:21:16.510,0.74125,0.74149,1.13,3.19
2013.07.17 01:21:17.071,0.74121,0.74149,1.50,3.19
2013.07.17 01:21:17.401,0.74124,0.74149,1.50,2.44
2013.07.17 01:21:17.700,0.74127,0.74152,1.13,2.25
2013.07.17 01:21:18.830,0.74121,0.74151,1.69,1.69
2013.07.17 01:21:19.080,0.74121,0.74148,1.50,1.69
2013.07.17 01:21:19.140,0.74121,0.74148,1.50,1.69
2013.07.17 01:21:22.858,0.74121,0.74148,1.69,2.44
2013.07.17 01:21:23.641,0.74121,0.74147,1.50,2.44
2013.07.17 01:21:30.682,0.74121,0.74148,1.50,2.44
2013.07.17 01:21:31.800,0.74121,0.74147,1.69,2.44
2013.07.17 01:21:32.310,0.74121,0.74147,1.50,2.44
2013.07.17 01:21:34.013,0.74121,0.74147,1.88,2.44
2013.07.17 01:21:34.070,0.74122,0.74147,1.13,2.44
2013.07.17 01:21:34.510,0.74121,0.74147,1.50,2.25
2013.07.17 01:21:38.651,0.74121,0.74147,1.50,2.25
2013.07.17 01:21:39.112,0.74121,0.74146,1.50,2.44
2013.07.17 01:21:39.440,0.74121,0.74145,2.25,2.44
2013.07.17 01:21:47.472,0.74121,0.74147,2.25,2.44
2013.07.17 01:21:48.872,0.74121,0.74146,2.25,2.44
2013.07.17 01:21:49.877,0.74121,0.74147,2.25,2.44
2013.07.17 01:21:52.591,0.74121,0.74147,2.25,2.44
2013.07.17 01:21:54.510,0.74121,0.74146,2.25,2.44
2013.07.17 01:21:56.431,0.74122,0.74146,1.13,2.44
2013.07.17 01:21:59.383,0.74122,0.74146,1.88,2.44
2013.07.17 01:21:59.560,0.74123,0.74149,1.50,2.25
2013.07.17 01:22:00.050,0.7413,0.74153,1.13,2.44
2013.07.17 01:22:00.613,0.74129,0.74151,1.13,2.44
2013.07.17 01:22:01.870,0.7413,0.74154,1.13,2.82
2013.07.17 01:22:02.170,0.7413,0.74152,1.13,2.44
2013.07.17 01:22:02.540,0.74128,0.7415,1.13,2.44
2013.07.17 01:22:09.188,0.74131,0.74153,1.50,2.44
2013.07.17 01:22:10.694,0.74129,0.74152,1.13,2.44
2013.07.17 01:22:11.483,0.74129,0.74149,1.13,1.69
2013.07.17 01:22:14.760,0.7413,0.74152,1.13,2.44
2013.07.17 01:22:14.941,0.74137,0.74154,1.13,1.13
2013.07.17 01:22:15.060,0.74137,0.74155,1.13,2.25
2013.07.17 01:22:15.510,0.74134,0.74155,1.13,2.25
2013.07.17 01:22:15.990,0.74133,0.74152,1.13,2.44
2013.07.17 01:22:16.970,0.74125,0.74152,1.13,2.44
2013.07.17 01:22:17.149,0.74122,0.7415,1.13,2.44
2013.07.17 01:22:17.329,0.74121,0.74146,1.13,2.44
2013.07.17 01:22:18.160,0.74112,0.74146,1.13,2.44
2013.07.17 01:22:18.690,0.74114,0.74144,1.13,1.69
2013.07.17 01:22:19.232,0.74113,0.74138,1.13,3.19
2013.07.17 01:22:19.866,0.74107,0.74138,1.50,3.19
2013.07.17 01:22:19.979,0.74107,0.74138,1.50,3.19
2013.07.17 01:22:20.200,0.74107,0.74135,1.50,2.44
2013.07.17 01:22:20.260,0.74107,0.74135,1.50,2.44
2013.07.17 01:22:20.643,0.74107,0.74135,1.50,2.44
2013.07.17 01:22:20.972,0.74112,0.74135,1.13,2.44
2013.07.17 01:22:21.559,0.7411,0.74137,1.50,2.44
2013.07.17 01:22:21.700,0.7411,0.74137,1.50,2.44
2013.07.17 01:22:22.462,0.7411,0.74135,1.50,2.44
2013.07.17 01:22:23.880,0.74111,0.74136,1.13,2.44
2013.07.17 01:22:24.000,0.74111,0.7414,1.13,2.44
2013.07.17 01:22:24.060,0.7411,0.7414,1.13,2.44
2013.07.17 01:22:25.111,0.7411,0.74141,1.13,2.25
2013.07.17 01:22:29.124,0.74107,0.74141,1.69,2.25
2013.07.17 01:22:29.521,0.74107,0.7414,1.69,2.44
2013.07.17 01:22:30.401,0.74117,0.7414,1.13,2.44
2013.07.17 01:22:31.771,0.74117,0.74141,1.13,2.44
2013.07.17 01:22:32.346,0.74116,0.74141,1.13,2.44
2013.07.17 01:22:34.510,0.74117,0.74141,1.13,2.44
2013.07.17 01:22:35.034,0.74116,0.74144,1.13,3.19
2013.07.17 01:22:35.601,0.74116,0.74146,1.50,2.44
2013.07.17 01:22:37.554,0.74116,0.74146,1.50,2.44
2013.07.17 01:22:39.161,0.74116,0.74146,1.50,2.44
2013.07.17 01:22:39.680,0.74116,0.74143,1.50,1.32
2013.07.17 01:22:39.920,0.74105,0.74139,1.32,3.57
2013.07.17 01:22:40.100,0.74102,0.74136,2.44,1.69
2013.07.17 01:22:40.160,0.74112,0.74138,1.13,2.44
2013.07.17 01:22:40.220,0.74112,0.74141,1.50,2.25
2013.07.17 01:22:40.280,0.74112,0.74143,1.69,3.19
2013.07.17 01:22:40.339,0.74112,0.74143,1.69,3.19
2013.07.17 01:22:40.460,0.74117,0.74148,1.69,1.32
2013.07.17 01:22:40.761,0.74116,0.74149,1.32,1.69
2013.07.17 01:22:41.270,0.74117,0.74149,1.13,1.69
2013.07.17 01:22:41.530,0.74117,0.74149,1.13,1.69
2013.07.17 01:22:42.601,0.74112,0.74149,1.69,2.44
2013.07.17 01:22:46.678,0.74116,0.74149,2.44,1.69
2013.07.17 01:22:47.891,0.74116,0.74149,1.69,1.69
2013.07.17 01:22:47.950,0.74116,0.7415,1.69,1.69
2013.07.17 01:22:48.010,0.74117,0.74144,1.32,1.13
2013.07.17 01:22:48.540,0.74114,0.74144,2.82,1.13
2013.07.17 01:22:48.982,0.74114,0.74144,2.82,1.88
2013.07.17 01:22:49.100,0.74114,0.74144,2.82,2.82
2013.07.17 01:22:49.280,0.74111,0.74144,4.69,1.32
2013.07.17 01:22:49.340,0.74111,0.74142,2.07,1.32
2013.07.17 01:22:49.896,0.74111,0.74139,3.57,1.13
2013.07.17 01:22:49.967,0.74105,0.74139,1.69,1.32
2013.07.17 01:22:50.032,0.74105,0.74139,1.69,1.32
2013.07.17 01:22:51.072,0.74105,0.74138,1.69,1.32
2013.07.17 01:22:51.631,0.74105,0.74138,1.32,1.32
2013.07.17 01:22:52.300,0.74103,0.74138,1.69,2.07
2013.07.17 01:22:52.750,0.74103,0.74137,1.32,1.32
2013.07.17 01:22:53.060,0.74098,0.74133,2.07,1.13
2013.07.17 01:22:53.120,0.74108,0.74133,1.13,1.13
2013.07.17 01:22:53.660,0.7411,0.74138,3.00,1.32
2013.07.17 01:22:54.500,0.74104,0.74133,1.32,1.13
2013.07.17 01:22:54.619,0.74104,0.74133,1.32,1.13
2013.07.17 01:22:55.141,0.74103,0.74133,1.32,1.13
2013.07.17 01:22:55.391,0.74103,0.74133,1.32,1.13
2013.07.17 01:22:56.078,0.74103,0.74133,1.32,1.13
2013.07.17 01:22:56.451,0.74106,0.74139,1.32,2.07
2013.07.17 01:22:57.988,0.74106,0.74138,2.07,1.32
2013.07.17 01:23:01.710,0.74104,0.74132,1.69,1.13
2013.07.17 01:23:01.890,0.74102,0.74131,1.32,1.13
2013.07.17 01:23:01.950,0.74102,0.74134,1.32,1.32
2013.07.17 01:23:02.010,0.74102,0.74134,1.32,1.32
2013.07.17 01:23:02.359,0.74104,0.74134,1.69,1.32
2013.07.17 01:23:03.610,0.74102,0.74134,1.69,1.32
2013.07.17 01:23:06.695,0.74102,0.74134,1.69,1.32
2013.07.17 01:23:07.380,0.74102,0.74134,1.69,1.32
2013.07.17 01:23:08.470,0.74102,0.74134,1.69,1.32
2013.07.17 01:23:08.830,0.74102,0.74134,2.07,1.32
2013.07.17 01:23:09.290,0.74108,0.74139,1.69,2.07
2013.07.17 01:23:10.830,0.74108,0.74139,1.69,2.07
2013.07.17 01:23:13.088,0.74111,0.74139,1.32,2.07
2013.07.17 01:23:16.101,0.7411,0.74136,1.32,1.13
2013.07.17 01:23:16.161,0.74111,0.74139,1.32,1.32
2013.07.17 01:23:16.280,0.74111,0.74138,1.69,1.32
2013.07.17 01:23:16.522,0.74111,0.74136,1.32,2.07
2013.07.17 01:23:16.720,0.74107,0.74133,1.32,1.32
2013.07.17 01:23:16.920,0.74104,0.74132,1.32,1.32
2013.07.17 01:23:17.150,0.74104,0.74132,2.07,1.32
2013.07.17 01:23:17.432,0.74105,0.74132,1.32,1.32
2013.07.17 01:23:17.701,0.74104,0.74132,1.32,1.32
2013.07.17 01:23:18.420,0.74101,0.74132,1.69,2.07
2013.07.17 01:23:19.353,0.74102,0.74134,1.69,1.32
2013.07.17 01:23:19.472,0.74102,0.74136,2.44,1.69
2013.07.17 01:23:19.930,0.74102,0.74138,2.44,2.07
2013.07.17 01:23:21.381,0.74105,0.74138,1.13,2.07
2013.07.17 01:23:21.703,0.74107,0.74138,1.50,1.32
2013.07.17 01:23:25.051,0.74107,0.74138,1.69,1.32
2013.07.17 01:23:28.245,0.74107,0.74138,1.69,2.07
2013.07.17 01:23:31.456,0.74107,0.74138,1.69,1.32
2013.07.17 01:23:34.103,0.74107,0.74138,2.44,1.32
2013.07.17 01:23:34.731,0.74107,0.74138,2.44,1.32
2013.07.17 01:23:41.322,0.74107,0.74138,1.69,1.32
2013.07.17 01:23:41.832,0.74107,0.74138,1.69,1.32
2013.07.17 01:23:48.333,0.74107,0.74138,2.44,2.07
2013.07.17 01:23:57.010,0.74108,0.74138,1.32,1.32
2013.07.17 01:23:58.161,0.74108,0.74138,1.32,1.32
2013.07.17 01:23:58.666,0.74107,0.74138,1.32,2.07
2013.07.17 01:23:59.091,0.74105,0.74135,1.32,1.69
2013.07.17 01:24:00.970,0.74106,0.74134,1.32,1.32
2013.07.17 01:24:01.030,0.74102,0.74134,2.82,2.07
2013.07.17 01:24:01.602,0.74103,0.74134,1.32,2.07
2013.07.17 01:24:02.461,0.74102,0.74134,2.82,2.07
2013.07.17 01:24:03.181,0.74105,0.74134,1.69,1.32
2013.07.17 01:24:03.301,0.74105,0.74134,1.69,1.32
2013.07.17 01:24:03.860,0.74104,0.74134,1.32,2.07
2013.07.17 01:24:04.040,0.74105,0.74134,1.32,2.07
2013.07.17 01:24:04.408,0.74104,0.74133,2.44,1.32
2013.07.17 01:24:05.191,0.74105,0.74133,2.44,1.32
2013.07.17 01:24:05.772,0.74105,0.74133,2.44,1.32
2013.07.17 01:24:06.261,0.74104,0.74133,1.32,1.32
2013.07.17 01:24:07.870,0.74105,0.74135,1.32,1.69
2013.07.17 01:24:11.010,0.74106,0.74139,1.32,1.32
2013.07.17 01:24:12.090,0.74106,0.74137,1.69,1.50
2013.07.17 01:24:13.290,0.74105,0.74137,1.32,1.69
2013.07.17 01:24:14.100,0.74106,0.74139,1.32,1.69
2013.07.17 01:24:17.593,0.74106,0.74139,2.07,1.32
2013.07.17 01:24:21.730,0.74106,0.74139,2.07,2.07
2013.07.17 01:24:22.701,0.74106,0.74139,2.07,1.69
2013.07.17 01:24:23.363,0.74108,0.74138,1.69,1.32
2013.07.17 01:24:23.750,0.74111,0.74139,1.32,1.69
2013.07.17 01:24:24.110,0.74121,0.74154,1.13,2.44
2013.07.17 01:24:24.290,0.74122,0.74157,1.69,1.69
2013.07.17 01:24:24.410,0.74122,0.74158,2.44,1.69
2013.07.17 01:24:24.920,0.74126,0.74162,1.69,1.69
2013.07.17 01:24:24.980,0.74126,0.74167,1.69,1.69
2013.07.17 01:24:25.290,0.74126,0.7417,2.07,1.69
2013.07.17 01:24:25.662,0.74126,0.74164,1.69,1.50
2013.07.17 01:24:26.152,0.74126,0.7417,2.44,1.69
2013.07.17 01:24:26.731,0.74123,0.74159,1.69,1.88
2013.07.17 01:24:32.202,0.74123,0.74159,1.69,1.32
2013.07.17 01:24:32.720,0.74126,0.74159,1.69,1.32
2013.07.17 01:24:40.290,0.74129,0.74159,1.32,1.32
2013.07.17 01:24:41.460,0.74128,0.74159,1.32,1.32
2013.07.17 01:24:41.993,0.74128,0.74155,1.32,1.13
2013.07.17 01:24:42.891,0.7413,0.74158,1.32,1.13
2013.07.17 01:24:43.010,0.74132,0.7416,2.07,1.32
2013.07.17 01:24:43.657,0.74132,0.7416,2.07,1.32
2013.07.17 01:24:44.991,0.74135,0.74163,1.13,2.07
2013.07.17 01:24:45.171,0.74137,0.74167,1.32,1.69
2013.07.17 01:24:45.231,0.74138,0.74171,1.32,1.69
2013.07.17 01:24:45.530,0.74136,0.74166,1.32,1.32
2013.07.17 01:24:46.360,0.74135,0.74164,2.82,1.32
2013.07.17 01:24:47.450,0.74133,0.74162,2.07,1.13
2013.07.17 01:24:48.189,0.7413,0.74158,1.69,1.32
2013.07.17 01:24:48.774,0.74127,0.74155,2.82,1.32
2013.07.17 01:24:52.070,0.74128,0.74158,1.32,2.07
2013.07.17 01:24:52.130,0.74128,0.74156,1.32,1.32
2013.07.17 01:24:53.370,0.74128,0.74156,1.32,1.32
2013.07.17 01:24:53.490,0.74124,0.74152,1.32,1.13
2013.07.17 01:24:53.710,0.74124,0.74149,1.32,1.13
2013.07.17 01:24:53.770,0.74124,0.74149,1.13,1.13
2013.07.17 01:24:53.891,0.74124,0.74152,1.88,1.32
2013.07.17 01:24:54.130,0.74125,0.7415,1.13,1.32
2013.07.17 01:24:54.500,0.7412,0.74146,1.32,1.13
2013.07.17 01:24:55.871,0.74121,0.74149,1.32,1.32
2013.07.17 01:24:56.050,0.74121,0.74154,1.32,1.69
2013.07.17 01:24:56.170,0.74126,0.74158,1.13,1.32
2013.07.17 01:24:56.293,0.74126,0.7416,1.32,1.69
2013.07.17 01:24:57.840,0.74122,0.74159,1.69,2.07
2013.07.17 01:25:06.551,0.74123,0.74159,1.32,1.88
2013.07.17 01:25:08.222,0.74123,0.74159,1.32,1.50
2013.07.17 01:25:11.430,0.74122,0.74159,2.44,1.88
2013.07.17 01:25:11.670,0.74122,0.74158,1.69,1.13
2013.07.17 01:25:12.210,0.74121,0.74159,1.69,1.32
2013.07.17 01:25:12.750,0.74124,0.74159,1.69,1.13
2013.07.17 01:25:15.985,0.74124,0.74159,1.69,1.32
2013.07.17 01:25:16.530,0.74124,0.74159,1.69,1.32
2013.07.17 01:25:17.730,0.7412,0.74151,1.69,1.13
2013.07.17 01:25:17.850,0.7412,0.74151,1.32,1.13
2013.07.17 01:25:17.970,0.74122,0.74156,1.32,1.32
2013.07.17 01:25:18.090,0.74122,0.74156,1.32,1.69
2013.07.17 01:25:18.310,0.74122,0.74158,1.69,3.57
2013.07.17 01:25:18.370,0.74124,0.74158,1.13,2.82
2013.07.17 01:25:18.431,0.74124,0.74158,1.13,1.32
2013.07.17 01:25:18.551,0.74125,0.74159,1.13,1.32
2013.07.17 01:25:19.340,0.74125,0.74162,2.07,2.07
2013.07.17 01:25:20.601,0.74125,0.74164,1.32,2.44
2013.07.17 01:25:23.852,0.74123,0.74162,1.32,1.69
2013.07.17 01:25:24.562,0.74123,0.74159,1.32,2.07
2013.07.17 01:25:24.920,0.74122,0.74148,1.32,1.13
2013.07.17 01:25:25.260,0.74123,0.74153,1.32,1.32
2013.07.17 01:25:25.440,0.74123,0.74148,1.32,1.13
2013.07.17 01:25:25.501,0.74121,0.74148,1.32,1.13
2013.07.17 01:25:25.560,0.74118,0.74148,2.82,1.13
2013.07.17 01:25:25.860,0.74118,0.74149,1.32,1.69
2013.07.17 01:25:25.980,0.74118,0.74148,1.32,1.32
2013.07.17 01:25:26.340,0.74119,0.74157,1.32,1.32
2013.07.17 01:25:27.330,0.74117,0.74155,1.69,1.69
2013.07.17 01:25:28.151,0.74117,0.74155,1.32,2.44
2013.07.17 01:25:29.585,0.74116,0.74155,3.57,1.69
2013.07.17 01:25:30.753,0.74117,0.74157,1.69,1.69
2013.07.17 01:25:34.491,0.74122,0.74157,1.13,1.69
2013.07.17 01:25:37.913,0.7412,0.74158,1.13,2.07
2013.07.17 01:25:39.828,0.7412,0.74156,1.32,1.69
2013.07.17 01:25:40.422,0.74119,0.74157,2.82,2.44
2013.07.17 01:25:40.540,0.7412,0.74158,1.69,2.82
2013.07.17 01:25:41.649,0.74119,0.74157,2.07,2.44
2013.07.17 01:25:43.692,0.7412,0.74155,1.32,1.69
2013.07.17 01:25:47.303,0.74121,0.74157,1.69,1.69
2013.07.17 01:25:48.613,0.7412,0.74158,1.32,1.69
2013.07.17 01:25:49.071,0.74119,0.74157,1.32,1.69
2013.07.17 01:25:52.628,0.74116,0.74157,1.69,1.50
2013.07.17 01:25:57.370,0.74116,0.74157,1.69,1.50
2013.07.17 01:25:58.342,0.74117,0.74154,1.69,1.50
2013.07.17 01:25:58.871,0.74117,0.74154,1.69,1.50
2013.07.17 01:25:59.533,0.7412,0.74159,1.13,2.82
2013.07.17 01:25:59.651,0.74117,0.74153,2.44,1.50
2013.07.17 01:26:00.010,0.74117,0.74153,1.69,1.88
2013.07.17 01:26:00.130,0.74117,0.74153,2.44,1.88
2013.07.17 01:26:00.252,0.74117,0.74153,2.44,1.88
2013.07.17 01:26:00.610,0.74117,0.74153,2.44,1.88
2013.07.17 01:26:01.040,0.74119,0.74153,1.32,2.82
2013.07.17 01:26:01.400,0.74131,0.74159,2.63,3.19
2013.07.17 01:26:01.640,0.74131,0.74167,4.88,1.69
2013.07.17 01:26:02.083,0.74131,0.74167,3.38,1.69
2013.07.17 01:26:02.880,0.74131,0.7417,4.88,2.82
2013.07.17 01:26:02.941,0.74141,0.7417,1.13,2.44
2013.07.17 01:26:03.062,0.74132,0.7417,1.50,1.69
2013.07.17 01:26:05.170,0.74129,0.74164,1.69,1.32
2013.07.17 01:26:06.945,0.7413,0.74162,1.32,1.69
2013.07.17 01:26:07.601,0.74122,0.74159,5.44,2.44
2013.07.17 01:26:07.720,0.74122,0.74155,2.44,1.69
2013.07.17 01:26:08.081,0.7412,0.74156,3.57,1.69
2013.07.17 01:26:09.161,0.7412,0.74156,3.57,2.07
2013.07.17 01:26:10.231,0.74121,0.74156,1.69,1.32
2013.07.17 01:26:10.411,0.74122,0.74158,1.32,1.69
2013.07.17 01:26:10.472,0.7413,0.74161,1.13,1.69
2013.07.17 01:26:10.590,0.7413,0.74167,1.88,1.69
2013.07.17 01:26:14.740,0.74131,0.74167,2.25,1.69
2013.07.17 01:26:18.842,0.74131,0.74167,1.13,1.69
2013.07.17 01:26:19.601,0.74127,0.74162,1.69,1.50
2013.07.17 01:26:27.471,0.74131,0.74163,1.50,2.44
2013.07.17 01:26:30.000,0.74131,0.74166,2.25,1.69
2013.07.17 01:26:32.340,0.74131,0.74168,2.25,1.69
2013.07.17 01:26:32.491,0.74131,0.74168,1.13,1.69
2013.07.17 01:26:33.310,0.74131,0.74166,1.13,1.69
2013.07.17 01:26:33.820,0.7413,0.74166,1.88,1.69
2013.07.17 01:26:33.944,0.74128,0.74163,1.13,1.69
2013.07.17 01:26:35.507,0.74131,0.74164,1.88,1.69
2013.07.17 01:26:36.560,0.74132,0.74163,1.13,1.69
2013.07.17 01:26:38.319,0.74132,0.74161,1.13,1.69
2013.07.17 01:26:38.422,0.74132,0.74164,1.13,2.44
2013.07.17 01:26:39.742,0.74126,0.74164,1.50,2.44
2013.07.17 01:26:40.931,0.74126,0.74164,1.50,2.44
2013.07.17 01:26:42.808,0.74126,0.74165,1.69,1.69
2013.07.17 01:26:43.742,0.74126,0.74165,2.44,1.69
2013.07.17 01:26:44.851,0.74126,0.74165,2.44,1.69
2013.07.17 01:26:45.600,0.74132,0.74164,1.50,1.50
2013.07.17 01:26:48.727,0.7413,0.74165,1.32,1.50
2013.07.17 01:26:49.661,0.7413,0.74168,1.32,2.44
2013.07.17 01:26:50.211,0.74129,0.74168,1.32,1.69
2013.07.17 01:26:50.820,0.74129,0.74168,1.32,1.69
2013.07.17 01:26:51.581,0.74129,0.74168,1.32,1.69
2013.07.17 01:26:52.181,0.7413,0.74168,1.32,1.69
2013.07.17 01:26:54.802,0.74129,0.74168,1.32,1.69
2013.07.17 01:26:59.841,0.74132,0.74173,1.32,2.44
2013.07.17 01:27:00.639,0.74132,0.74173,1.32,2.44
2013.07.17 01:27:20.202,0.74128,0.74169,1.32,1.50
2013.07.17 01:27:21.780,0.74129,0.74169,1.32,1.69
2013.07.17 01:27:25.570,0.74127,0.74169,1.32,2.44
2013.07.17 01:27:26.071,0.74127,0.74168,1.69,1.69
2013.07.17 01:27:27.340,0.74128,0.74171,1.69,1.69
2013.07.17 01:27:27.820,0.7413,0.74171,2.07,1.32
2013.07.17 01:27:28.522,0.74131,0.7417,1.69,1.69
2013.07.17 01:27:28.840,0.7413,0.74169,1.69,1.69
2013.07.17 01:27:29.527,0.74131,0.74169,1.32,1.69
2013.07.17 01:27:30.780,0.74128,0.74163,1.32,1.50
2013.07.17 01:27:32.531,0.74129,0.74166,2.07,1.69
2013.07.17 01:27:34.879,0.74129,0.74166,1.32,1.69
2013.07.17 01:27:35.183,0.74132,0.74172,1.32,1.69
2013.07.17 01:27:39.914,0.74134,0.74171,2.07,1.69
2013.07.17 01:27:43.862,0.74132,0.74171,2.07,2.44
2013.07.17 01:27:44.160,0.74132,0.74171,2.07,1.69
2013.07.17 01:27:45.362,0.74132,0.74171,2.07,2.44
2013.07.17 01:27:47.182,0.74133,0.74171,2.07,1.69
2013.07.17 01:27:47.241,0.74133,0.74171,2.07,1.69
2013.07.17 01:27:47.349,0.74133,0.74173,2.07,2.44
2013.07.17 01:27:47.590,0.74133,0.74172,1.32,1.69
2013.07.17 01:27:49.180,0.74132,0.74172,1.69,1.69
2013.07.17 01:27:49.612,0.74133,0.74175,1.69,1.69
2013.07.17 01:27:50.002,0.74133,0.74174,1.69,1.69
2013.07.17 01:27:50.671,0.74136,0.74174,1.32,2.44
2013.07.17 01:27:51.771,0.74136,0.74173,1.32,1.69
2013.07.17 01:27:52.330,0.74133,0.74173,1.32,1.69
2013.07.17 01:27:53.031,0.74133,0.74173,1.69,1.69
2013.07.17 01:27:56.600,0.74138,0.74173,1.13,1.69
2013.07.17 01:27:57.500,0.74132,0.74173,1.69,1.69
2013.07.17 01:27:57.820,0.74133,0.74174,1.69,1.69
2013.07.17 01:28:01.297,0.74133,0.74175,1.32,1.69
2013.07.17 01:28:02.670,0.74133,0.74175,1.32,1.69
2013.07.17 01:28:02.730,0.74133,0.74175,1.32,1.69
2013.07.17 01:28:02.790,0.74135,0.74175,1.32,1.69
2013.07.17 01:28:02.851,0.74135,0.74175,1.69,1.69
2013.07.17 01:28:03.380,0.7414,0.74177,1.69,2.07
2013.07.17 01:28:04.150,0.7414,0.74177,1.69,2.07
2013.07.17 01:28:05.111,0.7414,0.74177,1.69,2.07
2013.07.17 01:28:05.451,0.74141,0.74177,1.69,1.32
2013.07.17 01:28:07.670,0.74146,0.74179,1.69,1.69
2013.07.17 01:28:07.790,0.74146,0.74179,1.69,1.69
2013.07.17 01:28:07.850,0.74147,0.74181,1.69,2.07
2013.07.17 01:28:08.241,0.74151,0.74184,1.69,1.69
2013.07.17 01:28:08.421,0.74153,0.74188,1.69,2.07
2013.07.17 01:28:08.660,0.74153,0.74187,1.69,1.32
2013.07.17 01:28:08.902,0.74152,0.74187,1.69,1.32
2013.07.17 01:28:09.020,0.74155,0.74191,1.69,3.19
2013.07.17 01:28:09.092,0.74155,0.74191,2.44,1.69
2013.07.17 01:28:09.210,0.74155,0.74188,2.44,1.32
2013.07.17 01:28:09.330,0.74151,0.74187,1.69,1.69
2013.07.17 01:28:09.841,0.74155,0.74187,1.50,1.69
2013.07.17 01:28:10.040,0.74156,0.74185,1.32,1.69
2013.07.17 01:28:10.342,0.74148,0.74182,1.32,1.69
2013.07.17 01:28:10.411,0.74149,0.74177,1.32,1.32
2013.07.17 01:28:10.951,0.74139,0.74177,1.32,2.07
2013.07.17 01:28:11.010,0.74139,0.74177,1.32,2.07
2013.07.17 01:28:11.989,0.74139,0.74177,1.32,2.07
2013.07.17 01:28:12.410,0.74137,0.74175,1.69,1.69
2013.07.17 01:28:12.891,0.7414,0.74175,1.32,1.69
2013.07.17 01:28:13.405,0.74135,0.74174,1.32,1.69
2013.07.17 01:28:13.780,0.74133,0.74171,1.32,2.44
2013.07.17 01:28:14.020,0.74133,0.74171,1.32,2.44
2013.07.17 01:28:15.321,0.7413,0.7417,1.32,2.44
2013.07.17 01:28:19.420,0.74133,0.74168,1.13,1.32
2013.07.17 01:28:20.154,0.7413,0.74168,1.32,1.32
2013.07.17 01:28:21.282,0.74128,0.74168,1.32,1.69
2013.07.17 01:28:21.520,0.74128,0.74164,1.32,1.88
2013.07.17 01:28:21.715,0.74125,0.74163,1.32,1.69
2013.07.17 01:28:21.890,0.74123,0.74161,1.32,2.07
2013.07.17 01:28:22.071,0.74122,0.74158,1.32,1.88
2013.07.17 01:28:22.721,0.74121,0.74158,1.69,2.07
2013.07.17 01:28:23.250,0.74122,0.7416,1.32,2.82
2013.07.17 01:28:24.630,0.74122,0.7416,1.32,2.82
2013.07.17 01:28:25.071,0.74121,0.7416,1.32,2.82
2013.07.17 01:28:25.470,0.74118,0.74154,1.32,1.88
2013.07.17 01:28:25.548,0.74118,0.74154,1.32,1.88
2013.07.17 01:28:28.982,0.74117,0.74154,1.32,1.69
2013.07.17 01:28:30.184,0.74119,0.74155,1.32,2.07
2013.07.17 01:28:30.721,0.7412,0.74157,1.32,2.07
2013.07.17 01:28:31.511,0.74123,0.74157,1.32,1.32
2013.07.17 01:28:36.200,0.7412,0.74156,1.69,1.32
2013.07.17 01:28:36.752,0.7412,0.74149,1.32,1.13
2013.07.17 01:28:37.656,0.7412,0.74152,1.69,1.13
2013.07.17 01:28:37.711,0.74121,0.74159,1.69,3.57
2013.07.17 01:28:38.010,0.74121,0.74161,1.32,2.44
2013.07.17 01:28:38.760,0.74121,0.74161,1.32,1.69
2013.07.17 01:28:39.655,0.74122,0.7416,1.32,1.69
2013.07.17 01:28:39.831,0.74122,0.7416,1.32,1.69
2013.07.17 01:28:40.783,0.74122,0.7416,1.32,2.07
2013.07.17 01:28:42.131,0.74121,0.74159,2.07,1.69
2013.07.17 01:28:42.895,0.74121,0.74159,2.44,2.44
2013.07.17 01:28:43.020,0.74121,0.74159,2.44,1.69
2013.07.17 01:28:43.182,0.74121,0.74159,1.69,1.69
2013.07.17 01:28:43.541,0.7412,0.74155,1.32,1.69
2013.07.17 01:28:44.233,0.74119,0.74152,1.32,1.69
2013.07.17 01:28:44.841,0.74119,0.74152,1.32,1.69
2013.07.17 01:28:45.890,0.7412,0.74153,1.32,1.69
2013.07.17 01:28:46.070,0.74123,0.74154,1.32,1.69
2013.07.17 01:28:46.191,0.74122,0.74154,1.32,1.69
2013.07.17 01:28:46.250,0.74122,0.7415,1.32,1.13
2013.07.17 01:28:46.500,0.74126,0.74154,1.13,2.07
2013.07.17 01:28:46.800,0.74122,0.74151,1.32,1.13
2013.07.17 01:28:46.960,0.74123,0.74154,1.32,2.07
2013.07.17 01:28:47.021,0.74126,0.74154,1.13,2.07
2013.07.17 01:28:47.261,0.74122,0.74152,1.32,2.07
2013.07.17 01:28:47.740,0.74122,0.74158,1.69,2.07
2013.07.17 01:28:47.802,0.74122,0.74158,2.07,1.69
2013.07.17 01:28:47.863,0.74122,0.74158,1.69,1.69
2013.07.17 01:28:48.201,0.74122,0.74158,1.69,1.69
2013.07.17 01:28:49.881,0.74122,0.74158,1.32,1.69
2013.07.17 01:28:49.953,0.74123,0.7416,1.32,1.69
2013.07.17 01:28:50.682,0.74123,0.74159,1.32,2.44
2013.07.17 01:28:52.912,0.74123,0.7416,1.32,1.69
2013.07.17 01:28:53.972,0.74124,0.7416,1.32,2.44
2013.07.17 01:28:55.230,0.74122,0.7416,2.44,1.69
2013.07.17 01:28:57.021,0.74122,0.7416,2.44,1.69
2013.07.17 01:28:59.982,0.74123,0.7416,1.69,1.69
2013.07.17 01:29:03.100,0.74126,0.74158,1.32,1.69
2013.07.17 01:29:05.861,0.74126,0.74158,1.32,1.69
2013.07.17 01:29:07.610,0.74123,0.74158,1.32,1.32
2013.07.17 01:29:09.147,0.74123,0.74159,1.32,1.69
2013.07.17 01:29:10.282,0.74121,0.74157,1.69,1.69
2013.07.17 01:29:17.201,0.7412,0.74153,1.32,1.69
2013.07.17 01:29:17.447,0.7412,0.74153,1.32,1.69
2013.07.17 01:29:17.952,0.7412,0.74153,1.32,1.69
2013.07.17 01:29:18.602,0.7412,0.74153,1.32,1.69
2013.07.17 01:29:19.171,0.7412,0.74153,1.32,1.69
2013.07.17 01:29:19.230,0.74117,0.7415,1.69,1.69
2013.07.17 01:29:19.411,0.74117,0.7415,1.32,1.69
2013.07.17 01:29:19.550,0.74117,0.74154,2.07,1.69
2013.07.17 01:29:19.610,0.74122,0.74155,1.13,1.69
2013.07.17 01:29:19.932,0.74123,0.74159,1.69,1.69
2013.07.17 01:29:21.708,0.74123,0.74158,1.32,1.32
2013.07.17 01:29:22.813,0.74123,0.74158,1.13,2.07
2013.07.17 01:29:23.801,0.74122,0.74158,1.50,2.07
2013.07.17 01:29:24.340,0.74122,0.74158,1.13,2.07
2013.07.17 01:29:24.870,0.74122,0.74158,1.13,2.07
2013.07.17 01:29:25.222,0.74122,0.74158,1.50,2.07
2013.07.17 01:29:26.040,0.74126,0.74159,1.50,1.69
2013.07.17 01:29:27.470,0.74126,0.74159,1.88,2.07
2013.07.17 01:29:27.890,0.74127,0.74162,1.69,1.32
2013.07.17 01:29:29.692,0.74127,0.74164,2.82,2.44
2013.07.17 01:29:30.151,0.74127,0.74162,1.32,1.69
2013.07.17 01:29:30.661,0.74123,0.74159,1.32,2.07
2013.07.17 01:29:30.720,0.74126,0.74161,1.69,1.32
2013.07.17 01:29:31.301,0.74126,0.74164,2.44,2.44
2013.07.17 01:29:32.104,0.74126,0.74164,2.44,3.94
2013.07.17 01:29:32.350,0.74126,0.74163,1.69,1.32
2013.07.17 01:29:33.660,0.74126,0.74163,1.32,1.32
2013.07.17 01:29:33.722,0.74126,0.74163,1.32,1.32
2013.07.17 01:29:34.111,0.74126,0.74161,1.13,1.69
2013.07.17 01:29:34.488,0.74126,0.74161,1.13,2.07
2013.07.17 01:29:34.610,0.74126,0.74161,1.13,2.07
2013.07.17 01:29:36.620,0.74126,0.74162,1.32,1.69
2013.07.17 01:29:37.122,0.74126,0.74161,1.32,1.69
2013.07.17 01:29:37.510,0.74123,0.74159,1.69,1.69
2013.07.17 01:29:37.571,0.74121,0.74158,1.69,1.69
2013.07.17 01:29:40.430,0.74125,0.74161,1.13,1.69
2013.07.17 01:29:40.642,0.74125,0.74158,1.13,1.69
2013.07.17 01:29:41.714,0.74126,0.74158,1.13,1.69
2013.07.17 01:29:42.940,0.74126,0.74158,1.13,1.69
2013.07.17 01:29:43.042,0.74126,0.7416,1.13,1.69
2013.07.17 01:29:45.548,0.74126,0.74162,1.13,1.69
2013.07.17 01:29:46.471,0.74125,0.74162,1.13,1.69
2013.07.17 01:29:46.770,0.74126,0.74162,1.13,1.69
2013.07.17 01:29:47.100,0.74126,0.7416,1.13,1.69
2013.07.17 01:29:47.612,0.74126,0.74163,1.32,1.32
2013.07.17 01:29:49.922,0.74129,0.74164,1.13,1.69
2013.07.17 01:29:50.212,0.74131,0.74164,1.13,1.69
2013.07.17 01:29:51.033,0.74126,0.74164,1.32,1.69
2013.07.17 01:29:51.942,0.74131,0.74164,1.13,1.69
2013.07.17 01:29:54.682,0.74126,0.74164,1.32,1.69
2013.07.17 01:29:56.654,0.74126,0.74163,1.32,1.32
2013.07.17 01:29:59.458,0.74126,0.74164,1.32,2.07
2013.07.17 01:30:00.460,0.74127,0.74164,1.32,1.32
2013.07.17 01:30:00.581,0.74131,0.74164,2.44,1.69
2013.07.17 01:30:01.682,0.7413,0.74165,2.07,1.69
2013.07.17 01:30:02.931,0.74131,0.74164,1.32,1.69
2013.07.17 01:30:03.412,0.74131,0.74164,1.32,1.69
2013.07.17 01:30:05.022,0.74131,0.74164,1.32,1.69
2013.07.17 01:30:06.633,0.7413,0.74164,1.32,1.69
2013.07.17 01:30:06.752,0.7413,0.74163,2.07,1.69
2013.07.17 01:30:07.171,0.74131,0.74164,1.32,1.69
2013.07.17 01:30:08.523,0.74129,0.74164,1.69,1.69
2013.07.17 01:30:10.532,0.7413,0.74164,1.69,1.69
2013.07.17 01:30:12.931,0.74132,0.74164,1.32,1.69
2013.07.17 01:30:14.002,0.74132,0.74164,1.32,1.69
2013.07.17 01:30:14.240,0.74135,0.74164,1.32,1.69
2013.07.17 01:30:14.561,0.74129,0.74164,1.69,1.69
2013.07.17 01:30:14.880,0.7413,0.74162,1.32,1.69
2013.07.17 01:30:14.941,0.7413,0.74164,1.32,1.69
2013.07.17 01:30:15.350,0.74129,0.74164,1.32,1.69
2013.07.17 01:30:17.853,0.74128,0.74164,1.69,1.69
2013.07.17 01:30:18.693,0.74129,0.74164,1.32,1.69
2013.07.17 01:30:21.218,0.74129,0.74164,1.69,1.69
2013.07.17 01:30:21.852,0.74129,0.74163,1.69,1.69
2013.07.17 01:30:21.933,0.74129,0.74163,1.69,1.69
2013.07.17 01:30:22.470,0.74129,0.74158,1.32,1.69
2013.07.17 01:30:22.531,0.74129,0.74158,1.32,1.69
2013.07.17 01:30:22.970,0.74129,0.74158,1.32,1.69
2013.07.17 01:30:23.090,0.74128,0.74158,1.32,1.69
2013.07.17 01:30:23.760,0.74128,0.74159,1.32,2.07
2013.07.17 01:30:24.678,0.74127,0.74159,1.32,2.07
2013.07.17 01:30:24.740,0.74127,0.74156,1.32,1.32
2013.07.17 01:30:27.352,0.74129,0.74161,1.32,1.32
2013.07.17 01:30:27.411,0.74129,0.74164,1.13,1.32
2013.07.17 01:30:27.533,0.74129,0.74167,1.69,1.32
2013.07.17 01:30:27.650,0.74131,0.74168,1.69,1.69
2013.07.17 01:30:29.112,0.74129,0.74167,1.69,1.69
2013.07.17 01:30:29.232,0.74128,0.74163,1.69,1.32
2013.07.17 01:30:29.772,0.74128,0.74164,1.32,1.69
2013.07.17 01:30:30.350,0.74128,0.74163,1.32,2.07
2013.07.17 01:30:31.602,0.74128,0.74163,2.82,1.69
2013.07.17 01:30:34.208,0.74128,0.74165,1.32,1.32
2013.07.17 01:30:36.100,0.74128,0.74163,1.32,1.32
2013.07.17 01:30:38.022,0.74128,0.74163,1.32,1.32
2013.07.17 01:30:38.550,0.74127,0.74162,2.07,1.32
2013.07.17 01:30:40.180,0.74132,0.74163,3.38,1.32
2013.07.17 01:30:40.241,0.74136,0.74167,1.13,2.82
2013.07.17 01:30:40.332,0.74136,0.74167,1.13,1.32
2013.07.17 01:30:41.391,0.74136,0.74167,1.13,1.32
2013.07.17 01:30:41.842,0.74144,0.74172,1.13,3.19
2013.07.17 01:30:42.141,0.74136,0.74166,1.69,1.69
2013.07.17 01:30:42.261,0.74133,0.74164,1.32,1.69
2013.07.17 01:30:42.321,0.74132,0.74164,1.69,1.69
2013.07.17 01:30:42.542,0.74131,0.74164,1.32,1.69
2013.07.17 01:30:43.020,0.74129,0.74162,1.32,1.32
2013.07.17 01:30:45.586,0.74128,0.74162,1.32,1.69
2013.07.17 01:30:46.841,0.74128,0.74163,1.69,1.69
2013.07.17 01:30:47.914,0.74129,0.74162,1.69,1.69
2013.07.17 01:30:48.417,0.74127,0.74162,2.82,3.19
2013.07.17 01:30:49.085,0.74131,0.74166,1.69,3.19
2013.07.17 01:30:49.151,0.74134,0.74166,1.69,1.69
2013.07.17 01:30:49.531,0.74135,0.74169,1.69,1.69
2013.07.17 01:30:51.242,0.74137,0.74169,1.69,1.69
2013.07.17 01:30:53.291,0.74134,0.74169,1.69,1.69
2013.07.17 01:30:53.392,0.74133,0.74169,1.69,1.69
2013.07.17 01:30:53.451,0.74128,0.74167,1.32,2.44
2013.07.17 01:30:53.800,0.74124,0.74167,1.69,2.44
2013.07.17 01:30:54.663,0.74124,0.74167,1.69,1.69
2013.07.17 01:30:55.022,0.74122,0.74165,2.07,1.69
2013.07.17 01:30:55.213,0.74122,0.74165,2.07,1.69
2013.07.17 01:30:56.072,0.74128,0.74165,1.13,2.44
2013.07.17 01:30:56.631,0.74128,0.74165,1.13,2.44
2013.07.17 01:30:56.690,0.74122,0.74159,2.44,1.13
2013.07.17 01:30:57.298,0.74122,0.74159,2.44,1.13
2013.07.17 01:30:57.998,0.74124,0.74159,1.69,1.32
2013.07.17 01:30:59.812,0.74122,0.74159,1.69,2.07
2013.07.17 01:31:00.711,0.74124,0.74158,1.69,1.69
2013.07.17 01:31:03.122,0.74124,0.74159,1.69,1.32
2013.07.17 01:31:04.701,0.74124,0.74159,1.69,1.32
2013.07.17 01:31:04.761,0.74119,0.74153,1.32,1.69
2013.07.17 01:31:04.880,0.74117,0.74152,1.32,1.69
2013.07.17 01:31:04.941,0.74119,0.74155,1.69,2.44
2013.07.17 01:31:05.062,0.74119,0.74159,1.69,2.82
2013.07.17 01:31:07.030,0.7412,0.74159,2.07,2.82
2013.07.17 01:31:09.138,0.7412,0.74159,2.07,2.82
2013.07.17 01:31:12.746,0.7412,0.74159,2.25,2.82
2013.07.17 01:31:15.072,0.7412,0.74159,2.44,2.44
2013.07.17 01:31:16.257,0.7412,0.74159,2.44,2.44
2013.07.17 01:31:18.062,0.7412,0.74159,2.82,2.44
2013.07.17 01:31:21.641,0.7412,0.74158,1.32,1.32
2013.07.17 01:31:22.181,0.74118,0.74155,1.69,1.32
2013.07.17 01:31:23.094,0.74119,0.74155,1.69,1.32
2013.07.17 01:31:25.131,0.74122,0.74156,1.69,1.32
2013.07.17 01:31:30.043,0.74122,0.74156,3.19,2.07
2013.07.17 01:31:30.452,0.74127,0.74159,2.07,2.07
2013.07.17 01:31:30.882,0.74127,0.74159,1.69,2.07
2013.07.17 01:31:31.962,0.74124,0.74159,2.44,2.07
2013.07.17 01:31:32.081,0.74123,0.74157,1.69,1.69
2013.07.17 01:31:41.820,0.74122,0.74158,2.82,1.69
2013.07.17 01:31:45.332,0.74124,0.74156,1.32,1.69
2013.07.17 01:31:45.711,0.74123,0.74155,1.32,1.69
2013.07.17 01:31:46.855,0.74124,0.74156,1.32,1.69
2013.07.17 01:31:51.401,0.74124,0.74158,1.32,2.44
2013.07.17 01:31:52.031,0.74122,0.74157,2.07,1.69
2013.07.17 01:31:54.612,0.74122,0.74156,3.19,1.69
2013.07.17 01:31:55.538,0.74124,0.74158,1.69,1.69
2013.07.17 01:31:55.731,0.74126,0.74159,1.69,2.07
2013.07.17 01:31:56.291,0.74127,0.74159,1.32,2.07
2013.07.17 01:31:58.404,0.74129,0.74159,1.13,1.69
2013.07.17 01:31:58.641,0.74131,0.74162,1.13,1.69
2013.07.17 01:32:03.193,0.7413,0.74163,1.69,2.07
2013.07.17 01:32:03.712,0.74126,0.7416,2.44,1.69
2013.07.17 01:32:03.892,0.74124,0.7416,1.69,2.44
2013.07.17 01:32:04.294,0.74126,0.74161,2.44,2.07
2013.07.17 01:32:05.341,0.74129,0.74161,1.69,1.32
2013.07.17 01:32:05.644,0.74135,0.74166,2.07,1.69
2013.07.17 01:32:06.871,0.74137,0.74168,1.32,1.69
2013.07.17 01:32:06.931,0.74141,0.74169,1.13,2.82
2013.07.17 01:32:07.391,0.74142,0.74172,1.32,1.92
2013.07.17 01:32:07.512,0.74142,0.74176,2.82,1.69
2013.07.17 01:32:07.571,0.74142,0.74174,2.07,1.69
2013.07.17 01:32:07.751,0.74142,0.74174,1.32,1.69
2013.07.17 01:32:07.871,0.74142,0.74177,1.69,2.44
2013.07.17 01:32:08.231,0.74145,0.74179,1.69,3.19
2013.07.17 01:32:08.941,0.74143,0.74178,1.69,1.69
2013.07.17 01:32:10.493,0.74144,0.74178,1.69,3.19
2013.07.17 01:32:15.503,0.74143,0.74174,1.32,2.07
2013.07.17 01:32:21.433,0.74142,0.74175,1.32,2.07
2013.07.17 01:32:21.861,0.74147,0.74178,1.32,1.69
2013.07.17 01:32:23.971,0.74145,0.74178,1.32,2.44
2013.07.17 01:32:24.311,0.74144,0.74174,1.32,1.13
2013.07.17 01:32:24.692,0.74144,0.7417,1.69,1.13
2013.07.17 01:32:25.241,0.7414,0.7417,2.82,1.88
2013.07.17 01:32:29.623,0.74141,0.74169,1.13,2.44
2013.07.17 01:32:29.681,0.74136,0.74169,1.32,2.44
2013.07.17 01:32:29.741,0.74135,0.74169,1.69,2.44
2013.07.17 01:32:29.802,0.74135,0.74169,1.32,1.69
2013.07.17 01:32:32.091,0.74139,0.74172,1.69,1.32
2013.07.17 01:32:33.000,0.74139,0.74172,1.69,1.32
2013.07.17 01:32:33.912,0.74139,0.74172,1.69,1.32
2013.07.17 01:32:37.464,0.7414,0.74171,4.69,1.32
2013.07.17 01:32:37.791,0.74141,0.74172,3.57,2.07
2013.07.17 01:32:43.101,0.7414,0.74173,1.69,1.32
2013.07.17 01:32:43.523,0.74147,0.74173,1.69,1.13
2013.07.17 01:32:43.641,0.74149,0.74183,1.69,1.69
2013.07.17 01:32:45.446,0.74151,0.74178,1.88,1.69
2013.07.17 01:32:46.405,0.74151,0.74179,1.88,1.69
2013.07.17 01:32:48.212,0.74151,0.74178,1.88,1.69
2013.07.17 01:32:49.520,0.7415,0.7418,2.07,1.32
2013.07.17 01:32:50.023,0.7415,0.74181,1.88,2.82
2013.07.17 01:32:55.652,0.74151,0.74177,1.50,1.69
2013.07.17 01:32:55.773,0.74143,0.74176,1.32,1.69
2013.07.17 01:32:56.011,0.74141,0.74176,4.32,1.69
2013.07.17 01:32:56.432,0.74141,0.74173,2.63,1.69
2013.07.17 01:32:56.491,0.74136,0.74173,1.69,1.69
2013.07.17 01:32:56.811,0.74132,0.74167,1.69,1.50
2013.07.17 01:32:56.931,0.74132,0.74167,1.69,1.50
2013.07.17 01:32:57.051,0.74131,0.74165,1.32,2.07
2013.07.17 01:32:57.112,0.74131,0.74165,1.32,1.69
2013.07.17 01:32:57.885,0.74131,0.74166,1.13,2.07
2013.07.17 01:32:58.182,0.74128,0.74168,1.69,2.82
2013.07.17 01:32:59.261,0.74141,0.74167,1.13,2.07
2013.07.17 01:32:59.441,0.7414,0.74167,1.13,1.32
2013.07.17 01:32:59.621,0.74131,0.74165,1.32,1.32
2013.07.17 01:33:00.102,0.7413,0.74165,1.32,1.69
2013.07.17 01:33:01.461,0.74128,0.74162,1.13,1.69
2013.07.17 01:33:01.641,0.74125,0.74162,1.32,1.69
2013.07.17 01:33:01.842,0.74125,0.74164,1.69,1.69
2013.07.17 01:33:01.901,0.74125,0.74165,1.69,1.69
2013.07.17 01:33:02.402,0.74129,0.74166,1.13,2.44
2013.07.17 01:33:02.601,0.74126,0.74166,1.32,2.44
2013.07.17 01:33:02.961,0.74131,0.74166,1.13,1.69
2013.07.17 01:33:03.801,0.74131,0.74168,1.32,1.69
2013.07.17 01:33:04.763,0.74131,0.7417,1.32,1.69
2013.07.17 01:33:05.741,0.74131,0.7417,1.32,1.69
2013.07.17 01:33:07.772,0.74131,0.7417,1.32,1.69
2013.07.17 01:33:08.791,0.74131,0.7417,2.07,1.69
2013.07.17 01:33:09.423,0.74132,0.74173,1.32,1.69
2013.07.17 01:33:09.582,0.74132,0.74173,1.32,1.69
2013.07.17 01:33:10.661,0.74132,0.74173,1.32,1.69
2013.07.17 01:33:10.990,0.74134,0.74174,1.32,1.69
2013.07.17 01:33:12.561,0.74135,0.74174,1.32,1.69
2013.07.17 01:33:14.446,0.74132,0.74174,1.32,1.69
2013.07.17 01:33:15.322,0.74132,0.74174,1.32,1.69
2013.07.17 01:33:17.282,0.74135,0.74174,1.32,2.44
2013.07.17 01:33:18.311,0.74138,0.74173,1.32,1.69
2013.07.17 01:33:18.672,0.74138,0.74174,1.32,1.69
2013.07.17 01:33:19.272,0.74135,0.74172,1.69,1.32
2013.07.17 01:33:20.978,0.74134,0.74172,1.69,1.32
2013.07.17 01:33:22.362,0.74136,0.74172,1.69,1.32
2013.07.17 01:33:22.601,0.74138,0.74175,1.69,1.32
2013.07.17 01:33:28.721,0.7414,0.74176,2.07,1.32
2013.07.17 01:33:28.901,0.7414,0.74176,2.07,1.32
2013.07.17 01:33:29.201,0.7414,0.74176,1.69,1.32
2013.07.17 01:33:29.531,0.74137,0.74176,1.69,1.32
2013.07.17 01:33:31.061,0.74137,0.74176,1.69,1.32
2013.07.17 01:33:32.573,0.74138,0.74178,1.69,2.07
2013.07.17 01:33:32.831,0.74137,0.74176,1.69,1.32
2013.07.17 01:33:33.122,0.74137,0.74177,2.44,1.32
2013.07.17 01:33:35.182,0.74139,0.74175,1.69,1.32
2013.07.17 01:33:36.631,0.74139,0.74175,1.69,1.32
2013.07.17 01:33:36.993,0.74144,0.74181,1.69,1.32
2013.07.17 01:33:39.701,0.74142,0.74179,3.94,2.07
2013.07.17 01:33:39.761,0.74141,0.74177,2.44,1.32
2013.07.17 01:33:40.781,0.74141,0.74177,2.07,1.32
2013.07.17 01:33:41.251,0.74141,0.74176,1.69,1.69
2013.07.17 01:33:42.374,0.74141,0.74178,1.69,1.69
2013.07.17 01:33:42.523,0.74142,0.74178,2.82,1.32
2013.07.17 01:33:43.121,0.74142,0.74177,2.07,1.32
2013.07.17 01:33:43.241,0.74138,0.74176,2.07,2.25
2013.07.17 01:33:43.411,0.74138,0.74174,1.32,1.50
2013.07.17 01:33:44.412,0.74137,0.74169,2.07,1.50
2013.07.17 01:33:45.952,0.74137,0.74169,1.69,1.50
2013.07.17 01:33:46.443,0.74141,0.7417,1.13,1.32
2013.07.17 01:33:50.752,0.74142,0.74171,1.13,1.13
2013.07.17 01:33:51.151,0.74142,0.74171,1.13,1.13
2013.07.17 01:33:51.661,0.74145,0.74172,1.13,1.13
2013.07.17 01:33:52.593,0.74145,0.74173,1.13,1.13
2013.07.17 01:33:52.831,0.74146,0.74178,2.07,1.69
2013.07.17 01:33:53.403,0.74146,0.74179,1.69,2.44
2013.07.17 01:33:53.993,0.74146,0.74179,1.69,2.82
2013.07.17 01:33:54.328,0.74147,0.74179,2.07,2.07
2013.07.17 01:33:55.024,0.74147,0.74177,2.07,1.13
2013.07.17 01:33:56.023,0.74147,0.74179,2.07,1.32
2013.07.17 01:33:57.663,0.74149,0.74178,1.13,1.32
2013.07.17 01:33:57.781,0.74146,0.74178,2.07,1.13
2013.07.17 01:33:58.354,0.74146,0.74182,2.07,1.32
2013.07.17 01:33:58.547,0.74147,0.74179,1.32,1.50
2013.07.17 01:33:58.951,0.74146,0.74179,2.07,1.50
2013.07.17 01:34:01.401,0.74146,0.74174,1.69,1.13
2013.07.17 01:34:03.493,0.74143,0.74174,2.07,1.32
2013.07.17 01:34:04.031,0.74144,0.74176,1.32,3.19
2013.07.17 01:34:06.862,0.74144,0.74174,1.69,1.50
2013.07.17 01:34:07.202,0.74141,0.74169,1.32,1.13
2013.07.17 01:34:07.561,0.74136,0.74166,1.69,1.13
2013.07.17 01:34:08.063,0.74135,0.74159,1.69,1.13
2013.07.17 01:34:09.091,0.74133,0.74159,1.69,1.13
2013.07.17 01:34:10.223,0.74133,0.74163,1.69,2.07
2013.07.17 01:34:11.144,0.74133,0.74159,1.69,1.13
2013.07.17 01:34:11.512,0.74133,0.74162,1.69,1.32
2013.07.17 01:34:14.831,0.74133,0.7416,1.69,1.32
2013.07.17 01:34:18.412,0.74136,0.74164,1.69,1.13
2013.07.17 01:34:18.471,0.74136,0.74172,1.69,1.32
2013.07.17 01:34:18.591,0.74139,0.74173,1.69,2.07
2013.07.17 01:34:18.651,0.74139,0.74173,1.69,1.32
2013.07.17 01:34:18.831,0.74143,0.74178,1.69,1.32
2013.07.17 01:34:19.432,0.74144,0.74178,1.69,1.32
2013.07.17 01:34:20.392,0.74144,0.74175,1.69,1.13
2013.07.17 01:34:20.591,0.74143,0.74174,1.69,1.13
2013.07.17 01:34:21.442,0.74139,0.74176,2.44,1.32
2013.07.17 01:34:21.561,0.74139,0.74176,2.44,1.32
2013.07.17 01:34:22.923,0.74143,0.74179,1.69,1.32
2013.07.17 01:34:22.981,0.74143,0.74175,1.69,1.13
2013.07.17 01:34:23.951,0.74141,0.74175,1.69,1.13
2013.07.17 01:34:24.011,0.74138,0.74175,1.69,1.32
2013.07.17 01:34:26.461,0.74139,0.74173,1.69,1.69
2013.07.17 01:34:27.101,0.74139,0.7417,1.69,1.13
2013.07.17 01:34:30.133,0.74139,0.74174,1.69,2.44
2013.07.17 01:34:31.861,0.74142,0.74173,1.69,1.32
2013.07.17 01:34:32.053,0.74142,0.74174,1.69,2.44
2013.07.17 01:34:36.333,0.74142,0.74174,1.69,1.32
2013.07.17 01:34:38.873,0.74142,0.74175,1.69,1.69
2013.07.17 01:34:49.102,0.74141,0.74174,2.07,1.32
2013.07.17 01:34:49.371,0.74143,0.74177,1.69,1.32
2013.07.17 01:34:51.296,0.74143,0.74176,1.69,1.13
2013.07.17 01:34:51.828,0.74144,0.74178,1.69,1.32
2013.07.17 01:34:53.425,0.74144,0.74179,1.69,2.07
2013.07.17 01:35:00.044,0.74144,0.74181,2.44,1.32
2013.07.17 01:35:00.103,0.74144,0.74181,2.44,1.32
2013.07.17 01:35:10.661,0.74147,0.74184,2.44,2.44
2013.07.17 01:35:10.921,0.7415,0.74182,1.69,1.13
2013.07.17 01:35:11.674,0.74146,0.74183,2.44,1.32
2013.07.17 01:35:17.093,0.74149,0.7418,1.69,1.13
2013.07.17 01:35:17.641,0.74147,0.74182,1.69,1.32
2013.07.17 01:35:23.012,0.74145,0.74179,1.69,1.13
2013.07.17 01:35:30.965,0.74146,0.74177,1.69,1.13
2013.07.17 01:35:31.242,0.74146,0.74184,2.07,1.69
2013.07.17 01:35:32.342,0.74146,0.74177,1.69,1.13
2013.07.17 01:35:34.183,0.74147,0.74176,1.69,1.13
2013.07.17 01:35:34.726,0.74145,0.74176,1.69,1.13
2013.07.17 01:35:38.902,0.74145,0.74173,1.32,1.13
2013.07.17 01:35:40.201,0.74145,0.74173,1.32,1.13
2013.07.17 01:35:41.123,0.74144,0.74173,1.32,1.13
2013.07.17 01:35:43.643,0.74145,0.74173,1.32,1.13
2013.07.17 01:36:03.473,0.74143,0.74177,1.32,1.32
2013.07.17 01:36:03.971,0.74143,0.74173,1.32,2.07
2013.07.17 01:36:04.091,0.74141,0.74173,2.07,2.07
2013.07.17 01:36:04.451,0.74143,0.74179,1.32,2.44
2013.07.17 01:36:05.440,0.74142,0.74179,1.32,2.44
2013.07.17 01:36:06.553,0.74141,0.74179,2.07,2.44
2013.07.17 01:36:10.245,0.74143,0.74176,1.69,1.69
2013.07.17 01:36:12.769,0.74143,0.74176,1.69,1.69
2013.07.17 01:36:14.223,0.74143,0.74171,1.69,1.13
2013.07.17 01:36:14.443,0.74143,0.74171,1.69,1.13
2013.07.17 01:36:16.281,0.74141,0.74174,2.07,1.32
2013.07.17 01:36:18.907,0.74142,0.74172,1.69,1.32
2013.07.17 01:36:20.954,0.74141,0.74172,2.07,1.32
2013.07.17 01:36:23.133,0.74141,0.74174,2.07,1.32
2013.07.17 01:36:27.861,0.74143,0.74174,1.32,2.07
2013.07.17 01:36:27.921,0.74143,0.74176,1.32,1.32
2013.07.17 01:36:28.041,0.74144,0.74178,2.07,1.32
2013.07.17 01:36:31.072,0.74148,0.74179,1.13,2.07
2013.07.17 01:36:31.418,0.74148,0.74178,1.13,1.13
2013.07.17 01:36:38.932,0.74144,0.74181,1.32,1.32
2013.07.17 01:36:48.761,0.74147,0.74179,2.07,1.32
2013.07.17 01:36:49.922,0.74146,0.74179,1.69,1.13
2013.07.17 01:36:51.461,0.74146,0.74179,1.69,1.69
2013.07.17 01:36:51.522,0.74146,0.74175,1.69,1.13
2013.07.17 01:36:51.982,0.74143,0.74178,2.07,2.82
2013.07.17 01:36:53.641,0.74143,0.74178,2.07,2.82
2013.07.17 01:36:54.511,0.74144,0.74172,1.32,1.13
2013.07.17 01:36:54.912,0.74146,0.74172,1.69,1.13
2013.07.17 01:36:54.972,0.74146,0.74172,1.69,1.13
2013.07.17 01:36:55.487,0.74146,0.74173,2.07,1.13
2013.07.17 01:36:55.822,0.74146,0.74177,2.07,1.32
2013.07.17 01:36:56.241,0.74148,0.74176,2.07,1.13
2013.07.17 01:36:58.453,0.74148,0.74176,1.69,1.13
2013.07.17 01:37:01.518,0.74148,0.74175,1.69,1.13
2013.07.17 01:37:02.086,0.74145,0.74175,2.07,1.32
2013.07.17 01:37:02.842,0.74145,0.74174,1.69,1.13
2013.07.17 01:37:03.354,0.74145,0.74177,1.69,1.69
2013.07.17 01:37:04.013,0.74146,0.74173,1.69,1.50
2013.07.17 01:37:04.594,0.74143,0.74173,1.69,1.32
2013.07.17 01:37:05.413,0.74142,0.74174,2.07,1.69
2013.07.17 01:37:06.821,0.74142,0.74174,2.07,1.69
2013.07.17 01:37:13.861,0.74142,0.74176,1.69,1.69
2013.07.17 01:37:19.668,0.74142,0.74172,1.69,1.13
2013.07.17 01:37:19.913,0.74143,0.74178,2.07,2.07
2013.07.17 01:37:20.612,0.74146,0.74178,1.69,1.32
2013.07.17 01:37:22.072,0.74146,0.74178,1.69,1.32
2013.07.17 01:37:25.206,0.74147,0.74178,1.69,1.32
2013.07.17 01:37:32.021,0.74148,0.74178,1.69,1.32
2013.07.17 01:37:33.871,0.74145,0.74173,2.07,1.13
2013.07.17 01:37:36.493,0.74145,0.74179,2.07,2.07
2013.07.17 01:37:40.739,0.74146,0.74179,1.69,2.07
2013.07.17 01:37:41.271,0.74145,0.74175,1.69,1.69
2013.07.17 01:37:41.391,0.74148,0.7418,1.69,1.32
2013.07.17 01:37:41.451,0.74148,0.7418,1.69,1.32
2013.07.17 01:37:41.692,0.7415,0.74176,1.69,1.13
2013.07.17 01:37:41.821,0.7415,0.74183,1.69,1.69
2013.07.17 01:37:42.512,0.7415,0.74183,1.69,1.69
2013.07.17 01:37:44.871,0.74149,0.74182,1.69,1.69
2013.07.17 01:37:44.933,0.74151,0.7418,1.32,1.32
2013.07.17 01:37:45.641,0.74151,0.74184,2.07,2.82
2013.07.17 01:37:48.881,0.74151,0.74184,2.07,2.44
2013.07.17 01:37:49.636,0.74151,0.74184,2.07,2.44
2013.07.17 01:37:51.243,0.74151,0.74182,2.07,1.32
2013.07.17 01:37:51.747,0.74151,0.74179,2.07,1.13
2013.07.17 01:37:52.581,0.74151,0.74184,2.07,2.07
2013.07.17 01:37:56.321,0.74152,0.74182,1.32,1.32
2013.07.17 01:37:56.501,0.74152,0.74184,2.07,1.32
2013.07.17 01:37:56.741,0.74152,0.74186,1.69,1.69
2013.07.17 01:38:02.424,0.74153,0.74184,1.32,1.32
2013.07.17 01:38:03.433,0.74153,0.74185,1.32,1.32
2013.07.17 01:38:03.553,0.74153,0.74188,1.32,2.07
2013.07.17 01:38:04.563,0.74157,0.74188,1.13,1.32
2013.07.17 01:38:05.243,0.74157,0.74188,1.13,1.32
2013.07.17 01:38:05.463,0.74155,0.74188,1.32,1.69
2013.07.17 01:38:06.211,0.74155,0.74188,1.32,2.07
2013.07.17 01:38:06.723,0.74155,0.74188,2.82,1.32
2013.07.17 01:38:07.842,0.74158,0.74189,1.32,1.69
2013.07.17 01:38:12.141,0.7416,0.74188,1.69,1.32
2013.07.17 01:38:16.571,0.7416,0.74188,1.69,1.32
2013.07.17 01:38:35.358,0.74159,0.74188,1.32,1.69
2013.07.17 01:38:39.381,0.74159,0.74188,1.32,1.69
2013.07.17 01:38:43.892,0.74159,0.74188,1.69,2.44
2013.07.17 01:38:44.770,0.74159,0.74188,1.69,2.44
2013.07.17 01:38:56.013,0.74157,0.74186,1.13,1.69
2013.07.17 01:38:56.381,0.74156,0.74185,1.32,1.13
2013.07.17 01:38:56.962,0.74156,0.74185,1.32,1.50
2013.07.17 01:38:59.822,0.74156,0.74186,1.32,1.69
2013.07.17 01:38:59.941,0.74157,0.74188,1.32,1.13
2013.07.17 01:39:00.122,0.74162,0.7419,1.13,1.32
2013.07.17 01:39:03.113,0.74159,0.74188,1.32,1.13
2013.07.17 01:39:04.286,0.74157,0.74186,1.32,1.50
2013.07.17 01:39:04.801,0.74157,0.74185,1.32,1.13
2013.07.17 01:39:05.323,0.74157,0.74186,1.32,1.13
2013.07.17 01:39:06.800,0.74154,0.74184,1.32,1.32
2013.07.17 01:39:07.321,0.74154,0.74187,1.32,1.69
2013.07.17 01:39:07.872,0.74154,0.74185,1.32,1.32
2013.07.17 01:39:08.472,0.74156,0.74184,1.32,1.13
2013.07.17 01:39:09.023,0.74156,0.74185,1.32,1.32
2013.07.17 01:39:09.852,0.74156,0.74184,1.32,1.13
2013.07.17 01:39:12.251,0.74156,0.74184,1.32,1.13
2013.07.17 01:39:12.713,0.74156,0.74185,1.32,1.32
2013.07.17 01:39:15.393,0.74157,0.74185,1.32,1.13
2013.07.17 01:39:15.753,0.74157,0.74188,2.07,2.07
2013.07.17 01:39:16.293,0.74159,0.74188,1.32,1.69
2013.07.17 01:39:16.415,0.74156,0.74182,1.32,1.13
2013.07.17 01:39:16.712,0.74154,0.74179,1.32,1.13
2013.07.17 01:39:16.772,0.74154,0.74183,2.07,1.32
2013.07.17 01:39:16.832,0.74157,0.74186,1.13,1.69
2013.07.17 01:39:17.543,0.74157,0.74186,1.13,1.69
2013.07.17 01:39:18.031,0.74157,0.74186,1.13,1.69
2013.07.17 01:39:20.182,0.74161,0.74189,1.13,2.07
2013.07.17 01:39:20.242,0.74161,0.74189,1.32,1.32
2013.07.17 01:39:20.881,0.74166,0.7419,1.13,1.69
2013.07.17 01:39:21.472,0.74167,0.74193,1.13,2.44
2013.07.17 01:39:21.532,0.74167,0.74194,1.13,1.69
2013.07.17 01:39:21.892,0.74169,0.74197,1.13,2.82
2013.07.17 01:39:22.072,0.74174,0.74199,1.13,1.69
2013.07.17 01:39:22.252,0.74172,0.742,1.32,2.07
2013.07.17 01:39:22.311,0.7417,0.74197,1.69,1.13
2013.07.17 01:39:22.633,0.74169,0.74199,1.69,3.19
2013.07.17 01:39:22.752,0.74175,0.74199,1.13,1.32
2013.07.17 01:39:22.871,0.74172,0.74199,1.32,1.32
2013.07.17 01:39:23.192,0.74166,0.74194,1.69,1.50
2013.07.17 01:39:23.431,0.74162,0.74188,1.69,1.13
2013.07.17 01:39:23.611,0.74157,0.74186,3.94,1.13
2013.07.17 01:39:23.791,0.74151,0.74186,3.94,1.32
2013.07.17 01:39:23.851,0.74151,0.74183,1.69,1.13
2013.07.17 01:39:24.253,0.7415,0.74183,3.19,1.69
2013.07.17 01:39:24.492,0.74145,0.7418,1.69,2.44
2013.07.17 01:39:24.563,0.74145,0.7418,1.69,2.44
2013.07.17 01:39:24.982,0.74145,0.74179,2.44,1.13
2013.07.17 01:39:26.203,0.74145,0.74179,1.69,1.50
2013.07.17 01:39:28.953,0.74143,0.74179,1.69,1.50
2013.07.17 01:39:29.233,0.74142,0.74177,2.44,1.13
2013.07.17 01:39:29.634,0.74141,0.74174,1.69,1.69
2013.07.17 01:39:31.731,0.74141,0.74173,1.69,1.13
2013.07.17 01:39:31.851,0.74142,0.74173,1.69,1.13
2013.07.17 01:39:34.692,0.74142,0.74173,1.50,1.13
2013.07.17 01:39:35.021,0.74142,0.74179,1.69,1.13
2013.07.17 01:39:35.201,0.74147,0.74173,1.69,1.13
2013.07.17 01:39:35.321,0.74147,0.74173,1.69,1.50
2013.07.17 01:39:35.642,0.74147,0.74173,1.69,1.50
2013.07.17 01:39:36.293,0.74147,0.74173,1.69,1.50
2013.07.17 01:39:36.841,0.74147,0.74173,1.69,1.50
2013.07.17 01:39:37.948,0.74147,0.74173,1.69,1.50
2013.07.17 01:39:38.193,0.74144,0.74168,1.69,1.13
2013.07.17 01:39:38.313,0.74141,0.74163,2.44,1.13
2013.07.17 01:39:38.372,0.74133,0.74163,3.19,1.13
2013.07.17 01:39:38.432,0.74133,0.74163,3.19,1.13
2013.07.17 01:39:38.603,0.74133,0.74163,3.19,1.13
2013.07.17 01:39:39.386,0.74135,0.74167,1.69,1.69
2013.07.17 01:39:39.502,0.74134,0.74166,1.69,1.32
2013.07.17 01:39:39.682,0.74136,0.74169,1.69,2.07
2013.07.17 01:39:40.584,0.74136,0.7417,1.69,1.69
2013.07.17 01:39:40.942,0.74141,0.74169,1.69,1.13
2013.07.17 01:39:41.257,0.74141,0.74169,1.69,1.13
2013.07.17 01:39:41.860,0.7414,0.74169,1.69,1.13
2013.07.17 01:39:43.491,0.7414,0.74174,1.69,2.44
2013.07.17 01:39:46.453,0.74138,0.7417,1.69,1.69
2013.07.17 01:39:46.512,0.74138,0.74168,1.69,1.13
2013.07.17 01:39:47.692,0.74137,0.74168,1.69,1.13
2013.07.17 01:39:48.283,0.74137,0.74169,1.69,1.32
2013.07.17 01:39:50.842,0.74136,0.74168,1.69,1.69
2013.07.17 01:39:51.262,0.74139,0.74171,1.69,2.07
2013.07.17 01:39:51.610,0.74142,0.74171,1.69,1.69
2013.07.17 01:39:54.812,0.74142,0.74174,1.50,2.07
2013.07.17 01:39:55.362,0.74138,0.74169,1.69,1.32
2013.07.17 01:39:57.163,0.74136,0.74169,1.69,1.69
2013.07.17 01:39:57.523,0.74138,0.74169,1.69,2.07
2013.07.17 01:39:58.001,0.74138,0.74169,1.69,2.07
2013.07.17 01:39:58.622,0.74139,0.74169,1.69,1.13
2013.07.17 01:39:58.742,0.74139,0.74169,2.07,1.13
2013.07.17 01:39:58.941,0.74139,0.74169,2.07,1.13
2013.07.17 01:40:00.211,0.74141,0.74169,1.69,1.13
2013.07.17 01:40:01.821,0.74141,0.74169,1.69,1.13
2013.07.17 01:40:03.822,0.7414,0.74169,1.69,1.32
2013.07.17 01:40:06.413,0.7414,0.74169,1.69,1.32
2013.07.17 01:40:08.223,0.74139,0.74169,1.69,2.07
2013.07.17 01:40:08.763,0.74136,0.74169,1.69,1.32
2013.07.17 01:40:12.942,0.74132,0.74163,1.69,1.13
2013.07.17 01:40:13.641,0.74127,0.74162,1.69,1.13
2013.07.17 01:40:17.131,0.74128,0.74159,1.69,1.13
2013.07.17 01:40:17.191,0.74126,0.74159,2.44,1.13
2013.07.17 01:40:17.371,0.74124,0.74155,1.69,1.13
2013.07.17 01:40:17.702,0.74118,0.74154,3.19,1.13
2013.07.17 01:40:17.853,0.74118,0.74153,1.69,1.13
2013.07.17 01:40:18.366,0.74118,0.74153,1.69,1.13
2013.07.17 01:40:18.602,0.74117,0.74146,1.69,1.13
2013.07.17 01:40:18.785,0.74112,0.74145,1.69,1.13
2013.07.17 01:40:19.871,0.74112,0.74144,1.69,1.13
2013.07.17 01:40:20.173,0.74112,0.74143,1.69,1.13
2013.07.17 01:40:20.232,0.7411,0.74146,1.69,1.32
2013.07.17 01:40:20.411,0.74115,0.74148,1.50,1.69
2013.07.17 01:40:20.651,0.74112,0.74144,4.69,1.13
2013.07.17 01:40:20.771,0.74112,0.74148,4.32,2.07
2013.07.17 01:40:20.891,0.74112,0.74148,3.57,2.07
2013.07.17 01:40:20.951,0.74112,0.74145,4.32,1.69
2013.07.17 01:40:21.252,0.74111,0.74139,1.69,1.13
2013.07.17 01:40:21.611,0.7411,0.74142,1.69,1.32
2013.07.17 01:40:21.671,0.74111,0.74144,1.50,2.07
2013.07.17 01:40:21.731,0.74111,0.74144,1.50,1.32
2013.07.17 01:40:21.972,0.74111,0.74148,1.69,1.32
2013.07.17 01:40:22.391,0.74116,0.74154,1.50,1.32
