2010.10.15 09:00:00.659,0.72405,0.7243,1.80,1.00
2010.10.15 09:00:00.999,0.7242,0.7245,1.00,1.10
2010.10.15 09:00:01.457,0.7242,0.72445,1.00,1.60
2010.10.15 09:00:01.800,0.7241,0.7244,1.00,1.00
2010.10.15 09:00:02.139,0.72415,0.72445,1.00,1.00
2010.10.15 09:00:02.701,0.7242,0.72455,1.00,1.00
2010.10.15 09:00:03.041,0.72415,0.7245,1.00,1.00
2010.10.15 09:00:03.719,0.72415,0.72445,1.00,1.00
2010.10.15 09:00:07.623,0.72415,0.72445,2.60,2.60
2010.10.15 09:00:07.802,0.72415,0.72445,2.60,3.40
2010.10.15 09:00:08.911,0.72415,0.72445,2.70,3.40
2010.10.15 09:00:09.601,0.7239,0.7244,2.40,2.60
2010.10.15 09:00:09.871,0.7239,0.7244,2.50,2.60
2010.10.15 09:00:10.719,0.724,0.7244,1.00,2.40
2010.10.15 09:00:10.997,0.724,0.7244,1.00,2.60
2010.10.15 09:00:11.479,0.724,0.7244,2.40,2.60
2010.10.15 09:00:11.758,0.72405,0.7244,2.40,2.60
2010.10.15 09:00:12.098,0.724,0.7244,2.50,2.60
2010.10.15 09:00:12.900,0.72405,0.7244,1.00,2.60
2010.10.15 09:00:13.578,0.724,0.7244,2.50,2.60
2010.10.15 09:00:15.088,0.724,0.7244,2.40,2.60
2010.10.15 09:00:18.145,0.724,0.7244,2.40,2.70
2010.10.15 09:00:18.318,0.724,0.7244,2.40,2.60
2010.10.15 09:00:19.058,0.724,0.7244,2.40,2.40
2010.10.15 09:00:19.658,0.724,0.72435,2.40,1.00
2010.10.15 09:00:20.515,0.724,0.7244,2.40,2.60
2010.10.15 09:00:20.860,0.724,0.72435,2.40,1.00
2010.10.15 09:00:22.229,0.724,0.72435,2.40,1.00
2010.10.15 09:00:26.908,0.72395,0.72435,2.60,2.50
2010.10.15 09:00:27.551,0.72395,0.7243,2.60,1.00
2010.10.15 09:00:27.888,0.72395,0.7243,2.40,1.00
2010.10.15 09:00:28.573,0.724,0.72435,2.40,1.00
2010.10.15 09:00:28.809,0.72395,0.7243,2.40,1.00
2010.10.15 09:00:29.479,0.72395,0.7243,2.40,2.40
2010.10.15 09:00:30.528,0.7239,0.7243,2.70,2.40
2010.10.15 09:00:31.196,0.72395,0.7243,2.40,2.40
2010.10.15 09:00:37.135,0.72395,0.7243,2.40,2.40
2010.10.15 09:00:39.618,0.72395,0.7243,2.40,2.40
2010.10.15 09:00:40.820,0.72395,0.7243,2.40,2.40
2010.10.15 09:00:42.478,0.72395,0.7243,2.40,2.40
2010.10.15 09:00:42.738,0.7239,0.7243,2.60,2.40
2010.10.15 09:00:43.458,0.7239,0.7243,2.60,2.40
2010.10.15 09:00:44.885,0.72385,0.72425,1.00,2.60
2010.10.15 09:00:45.231,0.7239,0.72425,2.40,2.60
2010.10.15 09:00:46.113,0.7239,0.72425,2.40,2.40
2010.10.15 09:00:46.451,0.7239,0.72425,2.40,2.70
2010.10.15 09:00:47.240,0.7239,0.72425,2.50,2.60
2010.10.15 09:00:47.578,0.7239,0.72425,2.40,2.60
2010.10.15 09:00:49.040,0.72395,0.72425,2.40,2.40
2010.10.15 09:00:51.847,0.72395,0.72425,2.40,2.40
2010.10.15 09:00:52.432,0.72395,0.72425,2.40,2.40
2010.10.15 09:00:56.031,0.72395,0.7243,2.40,3.40
2010.10.15 09:00:56.228,0.72395,0.7243,2.40,3.40
2010.10.15 09:00:56.418,0.72395,0.72425,2.40,2.40
2010.10.15 09:00:57.038,0.72395,0.72425,2.40,2.40
2010.10.15 09:00:57.798,0.72395,0.7243,2.40,3.40
2010.10.15 09:01:00.797,0.72395,0.7243,2.40,3.40
2010.10.15 09:01:01.369,0.72395,0.72425,2.40,2.40
2010.10.15 09:01:05.732,0.72395,0.72425,2.40,3.40
2010.10.15 09:01:05.929,0.72395,0.72425,2.40,3.40
2010.10.15 09:01:06.522,0.72395,0.72425,2.40,3.40
2010.10.15 09:01:06.718,0.72395,0.72425,2.40,2.60
2010.10.15 09:01:09.322,0.72395,0.72425,2.40,2.40
2010.10.15 09:01:09.628,0.724,0.7243,2.40,2.60
2010.10.15 09:01:10.738,0.724,0.72425,2.40,1.00
2010.10.15 09:01:11.099,0.724,0.72425,2.40,2.60
2010.10.15 09:01:16.407,0.72395,0.72425,2.40,2.60
2010.10.15 09:01:19.357,0.72395,0.72425,2.60,2.40
2010.10.15 09:01:19.508,0.72395,0.72435,2.60,3.40
2010.10.15 09:01:19.848,0.72395,0.7243,2.40,1.00
2010.10.15 09:01:20.612,0.72395,0.72425,2.40,2.40
2010.10.15 09:01:20.868,0.72395,0.72425,2.40,2.40
2010.10.15 09:01:22.689,0.72395,0.72425,2.40,2.40
2010.10.15 09:01:22.848,0.72395,0.72425,2.50,2.40
2010.10.15 09:01:23.008,0.72395,0.72425,2.40,2.40
2010.10.15 09:01:23.633,0.7239,0.7242,2.40,2.40
2010.10.15 09:01:24.796,0.7239,0.7242,2.40,2.50
2010.10.15 09:01:26.910,0.7239,0.7242,2.40,2.50
2010.10.15 09:01:27.240,0.7239,0.7242,2.40,2.40
2010.10.15 09:01:27.926,0.7239,0.7242,2.40,2.60
2010.10.15 09:01:28.265,0.72375,0.72405,2.50,1.00
2010.10.15 09:01:28.581,0.72375,0.72405,2.40,1.00
2010.10.15 09:01:29.123,0.72375,0.72405,2.40,2.60
2010.10.15 09:01:29.428,0.72375,0.72405,2.40,2.70
2010.10.15 09:01:29.768,0.72375,0.72405,2.40,2.60
2010.10.15 09:01:30.109,0.72375,0.72405,2.60,2.40
2010.10.15 09:01:30.565,0.72375,0.72405,2.40,2.60
2010.10.15 09:01:30.846,0.72375,0.72405,2.60,2.40
2010.10.15 09:01:31.118,0.72375,0.72405,2.40,2.40
2010.10.15 09:01:32.509,0.72375,0.7241,2.40,2.40
2010.10.15 09:01:33.226,0.72375,0.72405,2.40,2.40
2010.10.15 09:01:34.779,0.72375,0.72405,2.40,2.60
2010.10.15 09:01:36.091,0.72375,0.72405,2.40,2.60
2010.10.15 09:01:37.177,0.7238,0.72405,1.00,2.40
2010.10.15 09:01:37.364,0.72385,0.7241,1.00,2.40
2010.10.15 09:01:37.703,0.7239,0.7242,2.40,3.40
2010.10.15 09:01:38.449,0.72385,0.72415,2.60,2.40
2010.10.15 09:01:38.788,0.7239,0.7242,2.40,2.40
2010.10.15 09:01:41.238,0.7239,0.7242,2.40,2.60
2010.10.15 09:01:41.519,0.72385,0.72415,2.40,2.40
2010.10.15 09:01:43.396,0.72385,0.72415,2.40,2.60
2010.10.15 09:01:44.359,0.7238,0.7241,1.60,2.60
2010.10.15 09:01:44.599,0.7238,0.7241,2.50,2.60
2010.10.15 09:01:45.268,0.7238,0.7241,2.40,2.40
2010.10.15 09:01:49.231,0.72385,0.7241,1.00,2.40
2010.10.15 09:01:50.029,0.72385,0.72415,2.40,3.40
2010.10.15 09:01:51.252,0.7239,0.7242,2.40,2.60
2010.10.15 09:01:55.121,0.7239,0.7242,2.40,2.60
2010.10.15 09:01:55.373,0.7239,0.7242,2.50,2.60
2010.10.15 09:01:59.281,0.7239,0.7242,2.40,2.60
2010.10.15 09:02:08.049,0.7239,0.7242,2.40,2.60
2010.10.15 09:02:10.219,0.7239,0.7242,2.40,2.60
2010.10.15 09:02:11.498,0.7239,0.7242,2.50,2.60
2010.10.15 09:02:13.300,0.7239,0.7242,2.40,2.60
2010.10.15 09:02:13.639,0.7239,0.7242,2.40,2.60
2010.10.15 09:02:14.419,0.7239,0.7242,2.40,2.60
2010.10.15 09:02:17.388,0.7239,0.7242,2.40,2.60
2010.10.15 09:02:17.928,0.7239,0.7242,2.40,2.70
2010.10.15 09:02:19.890,0.7239,0.7242,2.40,2.60
2010.10.15 09:02:20.510,0.7239,0.7242,2.40,2.60
2010.10.15 09:02:20.909,0.7239,0.7242,2.50,2.60
2010.10.15 09:02:21.679,0.7239,0.72415,2.40,2.60
2010.10.15 09:02:22.019,0.7239,0.7242,2.50,4.20
2010.10.15 09:02:22.759,0.72395,0.72425,1.00,2.40
2010.10.15 09:02:23.098,0.72395,0.72425,2.40,2.40
2010.10.15 09:02:23.848,0.7239,0.72425,2.60,2.40
2010.10.15 09:02:24.528,0.7239,0.72425,2.50,2.60
2010.10.15 09:02:25.611,0.72395,0.72425,2.40,2.40
2010.10.15 09:02:25.839,0.72395,0.72425,1.00,2.40
2010.10.15 09:02:26.464,0.72395,0.72425,1.00,2.40
2010.10.15 09:02:26.688,0.72395,0.72425,2.50,2.40
2010.10.15 09:02:32.096,0.72395,0.72425,2.40,2.40
2010.10.15 09:02:33.058,0.72395,0.72425,2.40,2.40
2010.10.15 09:02:35.250,0.72395,0.72425,2.60,2.40
2010.10.15 09:02:35.398,0.72395,0.72425,2.40,2.40
2010.10.15 09:02:35.678,0.72395,0.72425,2.40,2.40
2010.10.15 09:02:37.063,0.72395,0.72425,1.00,2.40
2010.10.15 09:02:37.370,0.7239,0.72425,2.70,2.40
2010.10.15 09:02:37.808,0.7239,0.7242,2.70,2.40
2010.10.15 09:02:38.152,0.724,0.72425,2.60,2.40
2010.10.15 09:02:39.504,0.72395,0.72425,2.60,2.40
2010.10.15 09:02:40.139,0.72395,0.72425,3.40,2.40
2010.10.15 09:02:40.556,0.724,0.7243,2.40,2.40
2010.10.15 09:02:40.900,0.724,0.7243,2.40,3.40
2010.10.15 09:02:41.311,0.72395,0.72425,2.60,2.40
2010.10.15 09:02:42.601,0.724,0.72425,2.40,2.40
2010.10.15 09:02:43.069,0.72395,0.72425,2.70,2.40
2010.10.15 09:02:43.728,0.72395,0.72425,3.40,2.40
2010.10.15 09:02:43.927,0.724,0.7243,2.60,2.60
2010.10.15 09:02:44.880,0.724,0.7243,2.40,3.40
2010.10.15 09:02:45.169,0.72395,0.72425,2.70,2.40
2010.10.15 09:02:45.460,0.72395,0.7242,2.60,2.40
2010.10.15 09:02:46.189,0.72395,0.72425,2.60,2.40
2010.10.15 09:02:48.378,0.72395,0.72425,2.60,2.50
2010.10.15 09:02:48.639,0.7239,0.72415,2.70,2.40
2010.10.15 09:02:49.340,0.7239,0.7242,2.70,2.40
2010.10.15 09:02:50.322,0.7239,0.7242,2.60,2.40
2010.10.15 09:02:50.589,0.7239,0.7242,2.70,2.40
2010.10.15 09:02:51.657,0.72395,0.7242,1.00,2.40
2010.10.15 09:02:53.642,0.724,0.7242,1.00,2.40
2010.10.15 09:02:54.283,0.72395,0.7242,2.70,2.40
2010.10.15 09:02:54.452,0.72395,0.72425,2.70,2.40
2010.10.15 09:02:55.128,0.724,0.7243,2.40,2.60
2010.10.15 09:02:56.388,0.72405,0.7243,2.40,2.40
2010.10.15 09:02:57.059,0.72405,0.7243,2.50,2.40
2010.10.15 09:02:57.382,0.72405,0.7243,2.40,2.40
2010.10.15 09:02:58.821,0.724,0.7243,2.70,2.40
2010.10.15 09:02:59.119,0.72405,0.7243,2.40,2.40
2010.10.15 09:03:00.488,0.72405,0.7243,2.40,2.40
2010.10.15 09:03:00.678,0.72405,0.7243,2.40,2.40
2010.10.15 09:03:00.869,0.72405,0.7243,2.40,2.40
2010.10.15 09:03:01.534,0.724,0.7243,2.60,2.40
2010.10.15 09:03:05.440,0.72405,0.7243,2.40,2.40
2010.10.15 09:03:05.779,0.72405,0.7243,2.50,2.40
2010.10.15 09:03:06.525,0.724,0.7243,2.60,2.40
2010.10.15 09:03:06.870,0.72405,0.7243,2.40,2.40
2010.10.15 09:03:09.419,0.724,0.72425,2.60,2.40
2010.10.15 09:03:10.441,0.72395,0.72425,3.40,2.40
2010.10.15 09:03:10.730,0.72395,0.7242,1.00,2.40
2010.10.15 09:03:14.289,0.72395,0.7242,1.00,2.40
2010.10.15 09:03:15.039,0.72395,0.7242,1.00,2.40
2010.10.15 09:03:16.499,0.72395,0.7242,2.60,2.40
2010.10.15 09:03:17.956,0.72395,0.7242,2.60,2.40
2010.10.15 09:03:18.191,0.72395,0.7242,2.60,2.40
2010.10.15 09:03:20.360,0.72395,0.7242,1.00,2.40
2010.10.15 09:03:22.197,0.72395,0.7242,2.60,2.40
2010.10.15 09:03:30.001,0.72395,0.7242,2.60,2.40
2010.10.15 09:03:30.680,0.72395,0.7242,2.70,2.40
2010.10.15 09:03:31.648,0.72395,0.72425,2.70,3.40
2010.10.15 09:03:34.281,0.724,0.72425,1.00,3.40
2010.10.15 09:03:34.529,0.72395,0.72425,2.60,3.40
2010.10.15 09:03:37.341,0.724,0.72425,1.00,3.40
2010.10.15 09:03:38.298,0.72395,0.72425,2.60,3.40
2010.10.15 09:03:39.330,0.724,0.72425,2.40,3.40
2010.10.15 09:03:40.463,0.724,0.7243,2.40,3.40
2010.10.15 09:03:40.760,0.72405,0.7243,2.40,2.60
2010.10.15 09:03:41.555,0.724,0.7243,2.40,3.40
2010.10.15 09:03:41.891,0.72395,0.72425,3.40,2.40
2010.10.15 09:03:42.488,0.72395,0.72425,2.60,2.40
2010.10.15 09:03:43.578,0.72385,0.72415,3.40,1.00
2010.10.15 09:03:43.920,0.72385,0.7242,2.60,3.40
2010.10.15 09:03:44.260,0.72385,0.7242,2.60,2.60
2010.10.15 09:03:45.360,0.72385,0.7242,2.60,2.70
2010.10.15 09:03:47.212,0.72385,0.7242,2.60,2.60
2010.10.15 09:03:48.011,0.72385,0.7242,2.60,2.60
2010.10.15 09:03:48.770,0.72385,0.7242,2.60,2.60
2010.10.15 09:03:52.318,0.7239,0.7242,2.40,2.60
2010.10.15 09:03:55.174,0.72385,0.7242,2.60,2.60
2010.10.15 09:03:56.478,0.7239,0.7242,2.40,2.60
2010.10.15 09:03:56.979,0.72385,0.7242,2.60,2.60
2010.10.15 09:03:57.288,0.7239,0.7242,2.40,2.60
2010.10.15 09:04:03.979,0.72385,0.7242,2.60,2.60
2010.10.15 09:04:04.319,0.72385,0.7242,2.60,2.60
2010.10.15 09:04:05.086,0.7239,0.72425,2.40,2.60
2010.10.15 09:04:05.436,0.72385,0.7242,2.60,2.60
2010.10.15 09:04:06.863,0.7239,0.7242,2.40,2.60
2010.10.15 09:04:15.563,0.72385,0.7242,2.60,2.70
2010.10.15 09:04:17.009,0.72385,0.72415,2.60,2.40
2010.10.15 09:04:19.271,0.7239,0.72415,2.40,2.40
2010.10.15 09:04:19.611,0.72385,0.7242,2.60,2.70
2010.10.15 09:04:19.949,0.72385,0.7242,2.70,2.60
2010.10.15 09:04:21.460,0.7239,0.7242,2.40,2.60
2010.10.15 09:04:26.840,0.7239,0.72415,2.40,2.40
2010.10.15 09:04:27.158,0.7239,0.7242,2.40,2.60
2010.10.15 09:04:31.739,0.7239,0.7242,2.40,2.40
2010.10.15 09:04:32.726,0.72395,0.7242,2.40,2.40
2010.10.15 09:04:33.461,0.724,0.72425,2.40,2.40
2010.10.15 09:04:34.958,0.72405,0.7243,2.40,2.40
2010.10.15 09:04:35.231,0.724,0.72435,2.60,2.60
2010.10.15 09:04:35.509,0.72405,0.72435,2.40,2.60
2010.10.15 09:04:38.071,0.72405,0.72435,2.60,2.40
2010.10.15 09:04:38.790,0.724,0.7243,2.60,2.40
2010.10.15 09:04:39.069,0.724,0.7243,2.40,2.40
2010.10.15 09:04:40.209,0.724,0.7243,3.20,2.40
2010.10.15 09:04:40.523,0.72405,0.72435,2.60,2.40
2010.10.15 09:04:41.259,0.7241,0.7244,2.40,2.40
2010.10.15 09:04:41.499,0.7241,0.72445,2.40,2.60
2010.10.15 09:04:41.738,0.7241,0.7244,2.40,2.40
2010.10.15 09:04:44.190,0.72415,0.7244,1.00,2.40
2010.10.15 09:04:44.444,0.72415,0.72445,2.40,2.60
2010.10.15 09:04:45.206,0.7242,0.7245,2.40,2.40
2010.10.15 09:04:45.552,0.72415,0.7245,2.60,2.40
2010.10.15 09:04:45.939,0.72415,0.7245,2.60,2.40
2010.10.15 09:04:46.638,0.7242,0.72455,2.40,2.60
2010.10.15 09:04:46.859,0.7242,0.72455,2.40,2.40
2010.10.15 09:04:47.072,0.72425,0.72455,2.40,2.40
2010.10.15 09:04:49.003,0.72425,0.7246,2.40,2.40
2010.10.15 09:04:49.338,0.72425,0.7246,2.40,2.40
2010.10.15 09:04:54.099,0.72425,0.7246,2.40,2.50
2010.10.15 09:04:54.618,0.72425,0.7246,2.40,2.40
2010.10.15 09:04:54.860,0.72425,0.72455,2.40,2.40
2010.10.15 09:05:02.019,0.7242,0.72455,2.40,2.60
2010.10.15 09:05:04.751,0.72425,0.72455,1.00,2.60
2010.10.15 09:05:04.921,0.7243,0.72465,2.40,1.90
2010.10.15 09:05:05.091,0.7243,0.7246,2.40,2.40
2010.10.15 09:05:05.259,0.7243,0.7246,2.40,3.40
2010.10.15 09:05:05.428,0.72425,0.72455,2.40,2.40
2010.10.15 09:05:08.092,0.7242,0.7245,2.60,2.40
2010.10.15 09:05:08.369,0.72425,0.72455,2.40,2.40
2010.10.15 09:05:10.334,0.72425,0.72455,2.40,2.40
2010.10.15 09:05:10.911,0.72435,0.72455,2.40,1.00
2010.10.15 09:05:11.201,0.72435,0.72465,2.60,2.40
2010.10.15 09:05:11.860,0.7244,0.7247,2.40,2.40
2010.10.15 09:05:12.189,0.7244,0.72475,2.60,2.60
2010.10.15 09:05:12.528,0.7244,0.72475,2.40,2.50
2010.10.15 09:05:12.970,0.72435,0.72475,3.40,2.50
2010.10.15 09:05:13.312,0.7244,0.72475,1.00,2.40
2010.10.15 09:05:13.649,0.72445,0.72475,2.40,2.50
2010.10.15 09:05:14.403,0.72445,0.72475,2.40,2.40
2010.10.15 09:05:14.698,0.72445,0.72475,2.40,2.60
2010.10.15 09:05:15.009,0.72445,0.72475,2.70,2.40
2010.10.15 09:05:15.436,0.72445,0.72475,4.30,2.40
2010.10.15 09:05:15.652,0.7245,0.7248,2.40,2.40
2010.10.15 09:05:15.859,0.7245,0.7248,2.40,2.40
2010.10.15 09:05:16.686,0.72455,0.7248,1.60,2.40
2010.10.15 09:05:17.012,0.7246,0.7249,2.40,2.60
2010.10.15 09:05:17.340,0.7246,0.7249,2.40,2.70
2010.10.15 09:05:17.795,0.7246,0.7249,2.40,2.60
2010.10.15 09:05:18.129,0.7246,0.72495,2.60,2.60
2010.10.15 09:05:20.392,0.7246,0.72495,2.40,2.60
2010.10.15 09:05:20.729,0.7246,0.7249,2.40,2.40
2010.10.15 09:05:21.533,0.72455,0.72485,2.40,2.40
2010.10.15 09:05:22.140,0.72445,0.72475,1.60,1.00
2010.10.15 09:05:22.371,0.7244,0.72475,2.60,2.60
2010.10.15 09:05:22.711,0.7244,0.72475,2.40,2.40
2010.10.15 09:05:23.499,0.72445,0.7248,2.60,2.60
2010.10.15 09:05:23.840,0.7244,0.72475,2.60,2.40
2010.10.15 09:05:24.487,0.7244,0.72475,2.60,2.40
2010.10.15 09:05:24.833,0.7244,0.7247,2.40,2.50
2010.10.15 09:05:25.172,0.72445,0.7247,1.00,1.00
2010.10.15 09:05:25.635,0.7245,0.7247,2.40,1.00
2010.10.15 09:05:25.983,0.72445,0.72475,2.60,2.40
2010.10.15 09:05:27.423,0.72445,0.72475,2.40,2.60
2010.10.15 09:05:27.760,0.7244,0.7247,2.60,2.40
2010.10.15 09:05:28.520,0.72445,0.7248,2.40,2.70
2010.10.15 09:05:28.859,0.72445,0.72475,2.60,2.40
2010.10.15 09:05:29.343,0.72445,0.7248,2.60,2.60
2010.10.15 09:05:29.690,0.72445,0.7248,2.60,2.70
2010.10.15 09:05:31.451,0.7244,0.72475,2.60,2.60
2010.10.15 09:05:31.789,0.7244,0.72475,2.60,2.40
2010.10.15 09:05:32.369,0.72445,0.72475,2.40,2.50
2010.10.15 09:05:32.879,0.72445,0.72475,2.60,2.40
2010.10.15 09:05:33.484,0.7245,0.7248,2.60,2.40
2010.10.15 09:05:34.942,0.7244,0.72475,2.60,2.40
2010.10.15 09:05:35.281,0.7244,0.72475,2.60,2.40
2010.10.15 09:05:36.074,0.72445,0.72475,1.00,2.40
2010.10.15 09:05:36.408,0.7244,0.72475,2.70,2.40
2010.10.15 09:05:36.749,0.7244,0.72475,2.60,2.40
2010.10.15 09:05:37.521,0.72445,0.72485,2.60,2.60
2010.10.15 09:05:39.368,0.72445,0.72485,2.60,2.60
2010.10.15 09:05:39.618,0.72445,0.72485,2.60,2.60
2010.10.15 09:05:40.076,0.72445,0.72485,2.60,2.60
2010.10.15 09:05:41.747,0.72445,0.72485,2.60,2.70
2010.10.15 09:05:42.040,0.72445,0.72485,2.60,2.60
2010.10.15 09:05:42.335,0.72445,0.72485,2.60,2.70
2010.10.15 09:05:44.358,0.72445,0.72485,2.70,2.60
2010.10.15 09:05:44.660,0.72445,0.72485,2.60,2.60
2010.10.15 09:05:46.459,0.7245,0.72485,2.40,1.00
2010.10.15 09:05:46.768,0.7245,0.7249,2.40,2.60
2010.10.15 09:05:47.630,0.7245,0.72485,2.40,1.00
2010.10.15 09:05:49.499,0.7245,0.72485,2.60,1.00
2010.10.15 09:05:49.789,0.72455,0.7249,2.40,2.40
2010.10.15 09:05:50.509,0.7245,0.7249,2.40,2.70
2010.10.15 09:05:51.453,0.7245,0.72485,2.40,1.00
2010.10.15 09:05:52.080,0.7245,0.7249,2.40,2.60
2010.10.15 09:05:53.177,0.7245,0.72485,2.40,1.00
2010.10.15 09:05:53.521,0.7245,0.7249,2.40,2.60
2010.10.15 09:05:54.748,0.7245,0.72485,2.40,1.00
2010.10.15 09:05:54.998,0.7245,0.7249,2.40,2.60
2010.10.15 09:05:55.288,0.7245,0.7249,2.40,2.70
2010.10.15 09:05:55.578,0.7245,0.7249,2.50,2.70
2010.10.15 09:05:56.455,0.72445,0.72485,2.60,2.60
2010.10.15 09:05:56.931,0.72445,0.72485,2.60,2.70
2010.10.15 09:05:57.426,0.7245,0.72485,1.00,2.60
2010.10.15 09:05:57.776,0.72445,0.72485,2.60,2.40
2010.10.15 09:05:58.123,0.72445,0.72485,2.70,2.60
2010.10.15 09:05:58.462,0.72445,0.72485,2.60,2.60
2010.10.15 09:05:59.221,0.72445,0.72485,2.60,2.60
2010.10.15 09:06:00.019,0.7245,0.72485,1.00,2.60
2010.10.15 09:06:02.999,0.72445,0.72485,2.60,2.60
2010.10.15 09:06:03.189,0.72445,0.72485,2.60,2.60
2010.10.15 09:06:03.849,0.72445,0.72485,2.70,2.70
2010.10.15 09:06:04.189,0.7245,0.72485,1.00,2.60
2010.10.15 09:06:04.530,0.72445,0.72485,2.60,2.60
2010.10.15 09:06:05.946,0.72445,0.72485,2.70,2.60
2010.10.15 09:06:06.011,0.72445,0.72485,2.60,2.60
2010.10.15 09:06:06.288,0.72445,0.72485,2.60,2.60
2010.10.15 09:06:10.319,0.72445,0.72485,2.60,2.70
2010.10.15 09:06:12.479,0.72445,0.72485,2.70,2.60
2010.10.15 09:06:13.420,0.72445,0.72485,2.60,2.60
2010.10.15 09:06:13.918,0.72445,0.72485,2.60,2.60
2010.10.15 09:06:14.148,0.72445,0.72485,2.70,2.60
2010.10.15 09:06:15.277,0.72445,0.72485,2.60,2.60
2010.10.15 09:06:16.271,0.72445,0.72485,2.70,2.70
2010.10.15 09:06:16.448,0.72445,0.72485,2.60,2.60
2010.10.15 09:06:16.879,0.72445,0.72485,2.60,2.70
2010.10.15 09:06:19.940,0.72445,0.7248,2.60,1.00
2010.10.15 09:06:20.128,0.72445,0.72485,2.60,2.60
2010.10.15 09:06:20.961,0.72445,0.7248,2.60,1.00
2010.10.15 09:06:23.528,0.72445,0.72485,2.60,2.60
2010.10.15 09:06:23.828,0.72445,0.7248,2.60,1.00
2010.10.15 09:06:26.639,0.72445,0.72485,2.60,2.60
2010.10.15 09:06:26.790,0.72445,0.72485,2.60,2.60
2010.10.15 09:06:27.462,0.72445,0.7248,2.60,1.00
2010.10.15 09:06:28.405,0.72445,0.72485,2.60,2.60
2010.10.15 09:06:37.348,0.72445,0.7248,2.60,1.00
2010.10.15 09:06:38.059,0.72445,0.72485,2.70,2.60
2010.10.15 09:06:38.655,0.72445,0.72485,2.60,2.60
2010.10.15 09:06:38.834,0.72445,0.72485,2.60,2.70
2010.10.15 09:06:39.169,0.72445,0.72485,2.60,2.60
2010.10.15 09:06:39.509,0.72445,0.72485,2.60,2.60
2010.10.15 09:06:45.510,0.72445,0.72485,2.60,2.60
2010.10.15 09:06:46.238,0.72445,0.72485,2.60,2.60
2010.10.15 09:06:48.109,0.72445,0.72485,2.60,2.60
2010.10.15 09:06:49.192,0.7245,0.72485,2.40,1.00
2010.10.15 09:06:49.531,0.72455,0.7249,2.40,2.60
2010.10.15 09:06:50.302,0.72455,0.72495,2.60,2.40
2010.10.15 09:06:50.642,0.72455,0.72495,2.60,2.50
2010.10.15 09:06:50.980,0.72455,0.72495,2.40,1.00
2010.10.15 09:06:55.131,0.72455,0.7249,2.40,2.40
2010.10.15 09:06:56.591,0.72455,0.72485,2.40,1.00
2010.10.15 09:06:56.889,0.72455,0.7249,2.40,2.40
2010.10.15 09:06:57.863,0.72455,0.7249,2.40,2.50
2010.10.15 09:07:01.163,0.72455,0.7249,2.40,2.40
2010.10.15 09:07:01.619,0.72455,0.7249,2.40,2.50
2010.10.15 09:07:02.789,0.72455,0.72485,2.40,1.00
2010.10.15 09:07:03.129,0.72455,0.7249,2.40,2.40
2010.10.15 09:07:03.469,0.72455,0.7249,2.40,2.50
2010.10.15 09:07:05.308,0.72455,0.7249,2.60,2.50
2010.10.15 09:07:05.711,0.72455,0.7249,2.60,1.00
2010.10.15 09:07:06.020,0.7246,0.725,2.60,2.40
2010.10.15 09:07:06.329,0.7246,0.72495,2.60,1.00
2010.10.15 09:07:06.639,0.7246,0.725,2.60,2.50
2010.10.15 09:07:06.948,0.7246,0.725,2.40,2.60
2010.10.15 09:07:07.700,0.7246,0.725,2.40,2.60
2010.10.15 09:07:08.568,0.7246,0.725,2.50,2.70
2010.10.15 09:07:08.900,0.7246,0.725,2.40,2.70
2010.10.15 09:07:09.711,0.7246,0.725,2.40,2.60
2010.10.15 09:07:09.950,0.7246,0.72495,2.40,1.00
2010.10.15 09:07:10.194,0.7246,0.725,2.40,2.70
2010.10.15 09:07:10.479,0.7246,0.725,2.40,2.60
2010.10.15 09:07:11.199,0.7246,0.725,2.40,2.60
2010.10.15 09:07:12.460,0.7246,0.725,2.40,2.70
2010.10.15 09:07:14.308,0.7246,0.725,2.40,2.60
2010.10.15 09:07:14.379,0.7246,0.72495,2.40,1.00
2010.10.15 09:07:14.845,0.7246,0.725,2.40,2.60
2010.10.15 09:07:15.193,0.7246,0.72495,2.40,1.00
2010.10.15 09:07:15.531,0.7246,0.7249,2.40,2.40
2010.10.15 09:07:15.670,0.7245,0.7249,2.60,2.40
2010.10.15 09:07:15.939,0.72455,0.7249,1.00,2.40
2010.10.15 09:07:16.679,0.72455,0.7249,1.00,2.40
2010.10.15 09:07:16.871,0.7246,0.7249,2.40,2.40
2010.10.15 09:07:17.819,0.7246,0.7249,2.40,2.40
2010.10.15 09:07:18.139,0.7246,0.7249,2.40,2.50
2010.10.15 09:07:19.285,0.7246,0.7249,2.40,2.40
2010.10.15 09:07:19.382,0.7246,0.7249,2.40,2.70
2010.10.15 09:07:19.469,0.7246,0.72485,2.40,1.00
2010.10.15 09:07:19.558,0.7245,0.72485,4.20,1.00
2010.10.15 09:07:19.648,0.7245,0.72485,2.60,1.00
2010.10.15 09:07:20.260,0.7245,0.7248,2.40,2.40
2010.10.15 09:07:23.658,0.7245,0.7248,2.40,2.40
2010.10.15 09:07:24.206,0.7245,0.7248,2.40,2.40
2010.10.15 09:07:28.368,0.7244,0.7248,2.70,2.40
2010.10.15 09:07:29.028,0.7244,0.7247,2.40,2.40
2010.10.15 09:07:32.419,0.7244,0.7247,2.40,2.60
2010.10.15 09:07:32.883,0.7244,0.7247,2.40,2.70
2010.10.15 09:07:33.147,0.72435,0.72465,2.60,2.40
2010.10.15 09:07:34.629,0.72435,0.7246,2.40,2.40
2010.10.15 09:07:34.823,0.72435,0.7246,2.60,2.40
2010.10.15 09:07:36.590,0.72435,0.7246,2.40,2.60
2010.10.15 09:07:36.930,0.7244,0.7246,1.00,2.40
2010.10.15 09:07:37.388,0.7244,0.7247,1.00,2.70
2010.10.15 09:07:37.732,0.7244,0.72465,1.00,1.00
2010.10.15 09:07:38.030,0.7244,0.7247,1.00,2.50
2010.10.15 09:07:39.190,0.72435,0.7247,3.40,2.50
2010.10.15 09:07:39.652,0.72435,0.7247,3.40,2.40
2010.10.15 09:07:39.999,0.72435,0.72465,3.40,1.00
2010.10.15 09:07:40.499,0.72435,0.7247,3.40,2.40
2010.10.15 09:07:41.109,0.7244,0.7247,2.40,2.40
2010.10.15 09:07:41.440,0.7244,0.7247,2.60,2.40
2010.10.15 09:07:41.519,0.7244,0.7247,4.20,2.40
2010.10.15 09:07:41.588,0.72445,0.72475,2.40,2.40
2010.10.15 09:07:41.659,0.72445,0.72475,2.40,2.50
2010.10.15 09:07:41.728,0.72445,0.72475,2.40,2.40
2010.10.15 09:07:42.539,0.7244,0.7247,2.40,2.40
2010.10.15 09:07:44.778,0.7244,0.7247,2.40,2.40
2010.10.15 09:07:45.528,0.7244,0.7247,2.40,2.40
2010.10.15 09:07:49.419,0.7244,0.7247,4.00,2.40
2010.10.15 09:07:49.884,0.72445,0.72475,2.40,3.40
2010.10.15 09:07:50.180,0.7245,0.7248,2.40,2.40
2010.10.15 09:07:51.058,0.7245,0.7248,2.40,2.40
2010.10.15 09:07:51.288,0.7244,0.7248,2.60,2.40
2010.10.15 09:07:53.276,0.7244,0.7248,2.60,2.40
2010.10.15 09:07:53.533,0.7244,0.7248,2.60,2.40
2010.10.15 09:07:53.790,0.7244,0.7248,2.70,2.40
2010.10.15 09:07:55.020,0.7244,0.7248,2.60,2.60
2010.10.15 09:07:56.253,0.7244,0.7248,2.60,2.60
2010.10.15 09:07:56.750,0.7244,0.7248,2.60,2.60
2010.10.15 09:07:58.689,0.7244,0.7248,2.60,2.60
2010.10.15 09:07:59.271,0.7244,0.7248,2.60,2.60
2010.10.15 09:07:59.519,0.7244,0.7248,2.60,2.70
2010.10.15 09:08:00.250,0.7244,0.7248,2.60,2.40
2010.10.15 09:08:00.559,0.7244,0.7248,2.60,2.40
2010.10.15 09:08:00.868,0.7244,0.7248,2.60,2.40
2010.10.15 09:08:01.620,0.7244,0.7248,2.60,2.40
2010.10.15 09:08:01.962,0.7244,0.7248,2.60,2.40
2010.10.15 09:08:02.301,0.7244,0.72475,2.60,1.00
2010.10.15 09:08:02.743,0.7244,0.7248,2.60,2.40
2010.10.15 09:08:04.121,0.7244,0.72475,2.60,1.00
2010.10.15 09:08:04.565,0.7244,0.72475,1.00,2.40
2010.10.15 09:08:04.801,0.7244,0.72475,2.60,2.50
2010.10.15 09:08:05.483,0.72445,0.7248,2.40,2.50
2010.10.15 09:08:05.823,0.72455,0.7248,2.40,2.40
2010.10.15 09:08:06.861,0.72455,0.72485,2.60,2.40
2010.10.15 09:08:07.429,0.72455,0.72485,2.60,2.40
2010.10.15 09:08:08.418,0.72455,0.72485,2.60,2.50
2010.10.15 09:08:08.859,0.72455,0.72485,2.60,2.40
2010.10.15 09:08:10.059,0.72455,0.72485,2.60,2.40
2010.10.15 09:08:10.399,0.72455,0.72485,2.60,2.40
2010.10.15 09:08:10.959,0.72455,0.72485,2.60,2.50
2010.10.15 09:08:14.288,0.72455,0.72485,2.60,2.40
2010.10.15 09:08:14.418,0.72455,0.72485,2.60,2.50
2010.10.15 09:08:14.738,0.72455,0.72485,2.60,2.40
2010.10.15 09:08:15.445,0.72455,0.72485,2.60,2.50
2010.10.15 09:08:15.784,0.72455,0.72485,2.60,2.40
2010.10.15 09:08:16.788,0.72455,0.72485,2.60,2.50
2010.10.15 09:08:20.694,0.72455,0.7248,2.60,1.00
2010.10.15 09:08:20.928,0.72455,0.72485,2.60,2.40
2010.10.15 09:08:21.388,0.72455,0.72485,2.60,2.40
2010.10.15 09:08:21.618,0.72455,0.72485,2.60,2.40
2010.10.15 09:08:22.247,0.72455,0.72485,2.60,2.50
2010.10.15 09:08:24.112,0.72455,0.72485,2.60,2.40
2010.10.15 09:08:25.449,0.72455,0.72485,2.60,2.40
2010.10.15 09:08:26.789,0.72455,0.72485,2.60,2.50
2010.10.15 09:08:27.058,0.72455,0.72485,2.40,2.70
2010.10.15 09:08:27.599,0.72445,0.7248,2.60,2.60
2010.10.15 09:08:29.528,0.72445,0.7248,2.60,2.60
2010.10.15 09:08:29.688,0.72445,0.7248,2.60,2.40
2010.10.15 09:08:29.848,0.72445,0.7248,4.20,2.40
2010.10.15 09:08:30.009,0.7245,0.72485,2.40,2.60
2010.10.15 09:08:30.809,0.7245,0.72485,2.40,2.70
2010.10.15 09:08:31.067,0.7245,0.72485,2.60,2.70
2010.10.15 09:08:33.383,0.7245,0.72485,2.60,2.60
2010.10.15 09:08:35.266,0.7245,0.7248,2.60,2.40
2010.10.15 09:08:35.437,0.7245,0.7248,2.40,2.60
2010.10.15 09:08:35.688,0.7245,0.7248,2.40,2.40
2010.10.15 09:08:36.639,0.7244,0.7247,2.50,2.60
2010.10.15 09:08:36.978,0.7244,0.7247,2.40,2.60
2010.10.15 09:08:39.039,0.7244,0.7247,2.40,2.60
2010.10.15 09:08:39.284,0.7244,0.7247,2.40,2.60
2010.10.15 09:08:39.869,0.7244,0.7247,2.40,2.70
2010.10.15 09:08:40.390,0.7244,0.7247,2.40,2.60
2010.10.15 09:08:40.729,0.7244,0.7247,2.40,2.60
2010.10.15 09:08:41.333,0.7244,0.7247,2.40,2.70
2010.10.15 09:08:41.546,0.7244,0.7247,2.40,2.60
2010.10.15 09:08:41.758,0.7244,0.7247,2.40,2.70
2010.10.15 09:08:49.439,0.7244,0.7247,2.40,2.60
2010.10.15 09:08:50.007,0.72445,0.7247,1.00,2.40
2010.10.15 09:08:50.262,0.72445,0.72475,2.40,2.60
2010.10.15 09:08:50.520,0.7244,0.72465,2.60,2.40
2010.10.15 09:08:50.780,0.7244,0.72465,2.40,2.40
2010.10.15 09:08:53.228,0.72435,0.7246,5.00,2.40
2010.10.15 09:08:54.299,0.7244,0.72465,2.40,2.40
2010.10.15 09:08:54.569,0.7244,0.72465,2.40,2.60
2010.10.15 09:08:55.571,0.7244,0.7247,2.60,1.00
2010.10.15 09:08:55.799,0.7244,0.7247,2.60,1.00
2010.10.15 09:08:56.565,0.7244,0.7247,2.60,1.00
2010.10.15 09:08:59.779,0.7244,0.72465,2.40,2.40
2010.10.15 09:09:05.440,0.72445,0.7247,2.40,2.50
2010.10.15 09:09:05.808,0.72445,0.7247,2.40,3.50
2010.10.15 09:09:06.278,0.7244,0.72465,4.00,2.40
2010.10.15 09:09:06.620,0.7244,0.72465,2.40,2.40
2010.10.15 09:09:09.769,0.72435,0.72465,2.60,2.60
2010.10.15 09:09:10.128,0.72435,0.72465,2.40,2.40
2010.10.15 09:09:13.670,0.7243,0.7246,2.50,2.40
2010.10.15 09:09:15.698,0.7243,0.7246,2.50,2.60
2010.10.15 09:09:23.430,0.7243,0.7246,2.40,2.60
2010.10.15 09:09:24.420,0.72435,0.7247,2.60,2.60
2010.10.15 09:09:24.659,0.72435,0.7247,2.60,2.70
2010.10.15 09:09:25.740,0.72435,0.7247,2.60,2.60
2010.10.15 09:09:26.079,0.72435,0.7247,2.60,2.70
2010.10.15 09:09:26.759,0.72435,0.72465,2.60,1.00
2010.10.15 09:09:27.432,0.72435,0.7247,2.60,2.60
2010.10.15 09:09:27.950,0.72435,0.7247,2.60,2.70
2010.10.15 09:09:28.719,0.72435,0.72465,2.60,1.00
2010.10.15 09:09:32.073,0.72435,0.7247,2.60,2.60
2010.10.15 09:09:33.939,0.72435,0.72465,2.60,1.00
2010.10.15 09:09:34.410,0.72435,0.7247,2.60,2.60
2010.10.15 09:09:34.718,0.72435,0.7247,2.60,2.70
2010.10.15 09:09:35.640,0.72435,0.7247,2.60,2.60
2010.10.15 09:09:37.570,0.7244,0.7248,2.60,2.60
2010.10.15 09:09:41.220,0.7244,0.7248,2.40,2.60
2010.10.15 09:09:41.749,0.7244,0.72475,2.40,1.00
2010.10.15 09:09:42.009,0.7244,0.72475,2.40,1.00
2010.10.15 09:09:42.268,0.7244,0.72475,2.40,1.00
2010.10.15 09:09:43.020,0.7244,0.7248,2.40,2.70
2010.10.15 09:09:43.350,0.7244,0.72475,2.40,1.00
2010.10.15 09:09:43.580,0.7244,0.7247,2.40,2.50
2010.10.15 09:09:44.039,0.7244,0.7247,2.40,2.40
2010.10.15 09:09:44.508,0.7244,0.7247,2.40,2.50
2010.10.15 09:09:45.106,0.7244,0.7247,2.40,2.40
2010.10.15 09:09:45.750,0.7244,0.72475,2.40,2.40
2010.10.15 09:09:46.196,0.7244,0.72475,2.40,2.40
2010.10.15 09:09:48.071,0.7244,0.72475,2.40,2.40
2010.10.15 09:09:48.259,0.7244,0.7247,2.40,2.40
2010.10.15 09:09:50.931,0.7244,0.7247,2.40,2.40
2010.10.15 09:09:51.360,0.7244,0.7247,2.40,2.40
2010.10.15 09:09:52.819,0.7244,0.7247,2.40,2.50
2010.10.15 09:09:52.938,0.72435,0.7247,3.50,2.40
2010.10.15 09:09:53.298,0.72435,0.7247,3.40,2.40
2010.10.15 09:09:56.361,0.72435,0.7247,3.40,2.40
2010.10.15 09:09:56.640,0.72435,0.7247,3.40,2.40
2010.10.15 09:09:57.317,0.72435,0.7247,3.40,2.50
2010.10.15 09:09:57.489,0.72435,0.7247,3.50,2.40
2010.10.15 09:09:58.440,0.72435,0.7247,3.40,2.50
2010.10.15 09:09:59.719,0.72435,0.7247,2.70,2.70
2010.10.15 09:10:00.334,0.72435,0.7247,2.60,2.70
2010.10.15 09:10:00.530,0.72435,0.7247,2.70,2.60
2010.10.15 09:10:00.730,0.72435,0.7247,2.60,2.70
2010.10.15 09:10:03.470,0.72435,0.7247,2.60,2.60
2010.10.15 09:10:03.732,0.72435,0.7247,2.60,2.60
2010.10.15 09:10:04.071,0.72435,0.7247,2.70,2.60
2010.10.15 09:10:04.410,0.72435,0.7247,2.60,2.70
2010.10.15 09:10:05.798,0.72435,0.7247,2.70,2.60
2010.10.15 09:10:06.280,0.72455,0.7247,1.00,2.40
2010.10.15 09:10:06.880,0.72455,0.72485,3.40,4.00
2010.10.15 09:10:07.063,0.72465,0.72495,2.60,4.00
2010.10.15 09:10:07.250,0.72465,0.72495,2.40,3.40
2010.10.15 09:10:07.441,0.72465,0.7249,2.40,2.40
2010.10.15 09:10:08.433,0.72465,0.72485,2.40,1.00
2010.10.15 09:10:08.774,0.72455,0.72485,5.00,2.60
2010.10.15 09:10:09.111,0.72455,0.72485,3.40,2.60
2010.10.15 09:10:09.870,0.72455,0.72485,2.60,2.40
2010.10.15 09:10:10.200,0.72445,0.7248,3.40,2.60
2010.10.15 09:10:10.490,0.7244,0.72465,2.40,1.00
2010.10.15 09:10:11.154,0.72435,0.72465,2.60,2.60
2010.10.15 09:10:11.442,0.7244,0.72465,2.60,2.40
2010.10.15 09:10:11.782,0.7244,0.72465,2.40,2.40
2010.10.15 09:10:12.553,0.7243,0.7246,1.00,2.60
2010.10.15 09:10:12.890,0.72435,0.72465,2.40,2.40
2010.10.15 09:10:13.690,0.72425,0.7246,2.60,2.40
2010.10.15 09:10:15.619,0.72425,0.7246,2.60,2.50
2010.10.15 09:10:16.321,0.72425,0.7246,2.60,2.40
2010.10.15 09:10:17.981,0.72425,0.7246,2.60,2.50
2010.10.15 09:10:18.221,0.72425,0.7246,3.40,2.50
2010.10.15 09:10:18.461,0.72425,0.72465,4.20,2.40
2010.10.15 09:10:18.702,0.72435,0.7247,2.40,2.40
2010.10.15 09:10:19.000,0.72435,0.7247,2.40,2.50
2010.10.15 09:10:19.810,0.72425,0.72455,2.40,2.40
2010.10.15 09:10:19.979,0.72425,0.72455,2.40,2.40
2010.10.15 09:10:20.794,0.72425,0.7246,2.60,2.40
2010.10.15 09:10:21.129,0.72425,0.7246,2.60,2.50
2010.10.15 09:10:21.470,0.7243,0.7246,2.40,2.40
2010.10.15 09:10:22.779,0.7243,0.7246,2.60,2.40
2010.10.15 09:10:24.504,0.7243,0.72455,2.60,1.00
2010.10.15 09:10:24.619,0.7243,0.72455,2.40,1.00
2010.10.15 09:10:24.728,0.7243,0.7246,2.40,2.70
2010.10.15 09:10:25.174,0.72425,0.72455,2.40,2.40
2010.10.15 09:10:25.289,0.72425,0.72455,2.40,2.50
2010.10.15 09:10:25.969,0.72425,0.72455,3.40,2.40
2010.10.15 09:10:26.619,0.7243,0.7246,2.40,2.50
2010.10.15 09:10:26.962,0.7243,0.7246,2.60,2.50
2010.10.15 09:10:27.570,0.72425,0.72455,2.60,2.40
2010.10.15 09:10:28.509,0.72425,0.72455,2.60,2.40
2010.10.15 09:10:29.082,0.72425,0.72455,2.40,2.40
2010.10.15 09:10:30.244,0.7243,0.72455,2.60,1.00
2010.10.15 09:10:30.570,0.72425,0.72455,4.20,2.40
2010.10.15 09:10:30.879,0.72425,0.72455,2.60,2.40
2010.10.15 09:10:31.612,0.72425,0.72455,2.60,2.50
2010.10.15 09:10:33.780,0.72425,0.72455,2.60,2.40
2010.10.15 09:10:37.951,0.7242,0.72455,2.60,3.40
2010.10.15 09:10:38.279,0.7242,0.72455,2.60,3.40
2010.10.15 09:10:39.082,0.7242,0.72455,2.40,2.40
2010.10.15 09:10:41.078,0.7242,0.72455,2.40,2.60
2010.10.15 09:10:41.600,0.7242,0.72455,2.40,2.70
2010.10.15 09:10:42.469,0.7242,0.72455,2.40,2.60
2010.10.15 09:10:42.719,0.7242,0.72455,2.40,2.60
2010.10.15 09:10:43.101,0.7242,0.72455,2.40,2.60
2010.10.15 09:10:43.851,0.7242,0.72455,2.40,2.60
2010.10.15 09:10:46.492,0.7242,0.7245,2.40,1.00
2010.10.15 09:10:46.676,0.7242,0.7245,2.40,2.50
2010.10.15 09:10:48.462,0.7242,0.7245,2.60,2.40
2010.10.15 09:10:48.801,0.7242,0.7245,2.40,2.40
2010.10.15 09:10:50.924,0.72415,0.72445,2.40,2.40
2010.10.15 09:10:51.140,0.72425,0.72445,1.00,2.40
2010.10.15 09:10:51.349,0.72425,0.72455,2.60,2.40
2010.10.15 09:10:52.692,0.72425,0.72455,2.60,2.50
2010.10.15 09:10:53.030,0.72425,0.72455,2.40,2.40
2010.10.15 09:10:53.464,0.72425,0.7245,2.40,1.00
2010.10.15 09:10:53.802,0.7242,0.7245,2.60,1.00
2010.10.15 09:10:55.170,0.72415,0.7245,2.60,2.60
2010.10.15 09:10:55.938,0.7242,0.7245,2.40,2.40
2010.10.15 09:10:56.236,0.7243,0.7247,2.60,2.60
2010.10.15 09:10:56.825,0.72435,0.7247,1.00,2.50
2010.10.15 09:10:57.174,0.7244,0.7247,2.40,2.50
2010.10.15 09:10:57.915,0.7244,0.7247,2.40,2.40
2010.10.15 09:10:58.773,0.7244,0.7247,2.40,2.40
2010.10.15 09:11:00.556,0.7244,0.7247,2.40,2.40
2010.10.15 09:11:00.845,0.7244,0.7247,2.40,2.40
2010.10.15 09:11:02.489,0.7244,0.7247,2.40,2.40
2010.10.15 09:11:03.619,0.7244,0.7247,2.40,2.40
2010.10.15 09:11:05.970,0.72445,0.7247,1.00,2.40
2010.10.15 09:11:06.783,0.7245,0.7248,2.60,2.40
2010.10.15 09:11:07.459,0.7245,0.7248,2.60,2.50
2010.10.15 09:11:07.953,0.7245,0.7248,2.60,2.40
2010.10.15 09:11:08.241,0.72455,0.7248,2.40,1.00
2010.10.15 09:11:08.531,0.7245,0.7248,2.60,1.00
2010.10.15 09:11:08.839,0.72455,0.7248,2.40,1.00
2010.10.15 09:11:09.803,0.7245,0.7248,2.60,1.00
2010.10.15 09:11:10.229,0.72455,0.7248,2.40,1.00
2010.10.15 09:11:10.649,0.72455,0.7248,2.40,1.00
2010.10.15 09:11:11.760,0.72455,0.7248,2.40,1.00
2010.10.15 09:11:13.087,0.7245,0.7248,2.60,1.00
2010.10.15 09:11:13.399,0.72455,0.7248,2.40,1.00
2010.10.15 09:11:16.021,0.72455,0.7248,2.40,1.00
2010.10.15 09:11:17.250,0.72455,0.7248,2.40,1.00
2010.10.15 09:11:17.494,0.72455,0.7248,2.40,1.00
2010.10.15 09:11:17.731,0.7245,0.72485,2.60,2.50
2010.10.15 09:11:18.396,0.7245,0.72475,2.60,1.00
2010.10.15 09:11:18.741,0.7245,0.7248,2.60,1.00
2010.10.15 09:11:19.629,0.7245,0.7248,2.40,2.50
2010.10.15 09:11:19.778,0.7245,0.7248,2.60,2.50
2010.10.15 09:11:20.371,0.7245,0.7248,2.60,2.40
2010.10.15 09:11:20.521,0.72455,0.7248,1.00,2.40
2010.10.15 09:11:20.859,0.72455,0.72485,2.40,2.40
2010.10.15 09:11:21.297,0.72455,0.72485,2.40,2.50
2010.10.15 09:11:22.452,0.72455,0.72485,2.40,2.40
2010.10.15 09:11:22.709,0.72455,0.7248,2.40,1.00
2010.10.15 09:11:22.869,0.72455,0.72485,2.40,2.50
2010.10.15 09:11:24.158,0.72455,0.72485,2.40,3.50
2010.10.15 09:11:24.873,0.72445,0.72485,2.60,3.50
2010.10.15 09:11:25.051,0.72445,0.72475,2.40,2.40
2010.10.15 09:11:28.010,0.72445,0.72475,2.40,2.40
2010.10.15 09:11:28.329,0.72445,0.72475,2.40,2.40
2010.10.15 09:11:28.650,0.72445,0.72475,2.60,2.50
2010.10.15 09:11:29.371,0.7245,0.7248,2.40,2.50
2010.10.15 09:11:29.660,0.7245,0.7248,2.60,1.00
2010.10.15 09:11:29.949,0.7245,0.7248,2.60,1.00
2010.10.15 09:11:31.001,0.7245,0.72475,2.60,1.00
2010.10.15 09:11:31.340,0.7245,0.7248,2.60,2.40
2010.10.15 09:11:31.819,0.7245,0.7248,2.60,2.50
2010.10.15 09:11:32.161,0.7245,0.7248,2.60,2.40
2010.10.15 09:11:33.422,0.7245,0.7248,2.60,2.50
2010.10.15 09:11:34.161,0.7245,0.72475,2.60,1.00
2010.10.15 09:11:34.399,0.7245,0.7248,2.60,2.50
2010.10.15 09:11:35.345,0.7245,0.72475,2.60,1.00
2010.10.15 09:11:35.682,0.7245,0.7248,2.60,2.50
2010.10.15 09:11:38.578,0.7245,0.7248,2.60,2.40
2010.10.15 09:11:39.922,0.7245,0.7248,2.60,2.50
2010.10.15 09:11:41.710,0.72455,0.7247,1.00,1.00
2010.10.15 09:11:41.849,0.72455,0.7248,1.00,2.40
2010.10.15 09:11:41.990,0.7245,0.7248,2.60,1.00
2010.10.15 09:11:42.752,0.72455,0.72485,2.60,2.50
2010.10.15 09:11:43.555,0.72455,0.7248,2.60,1.00
2010.10.15 09:11:43.912,0.7245,0.7248,2.40,1.00
2010.10.15 09:11:44.252,0.7245,0.7248,2.40,1.00
2010.10.15 09:11:44.589,0.7245,0.72485,2.40,2.50
2010.10.15 09:11:45.295,0.7245,0.72485,2.60,2.50
2010.10.15 09:11:48.202,0.7245,0.72485,2.60,2.40
2010.10.15 09:11:49.999,0.7245,0.7248,2.60,1.00
2010.10.15 09:11:51.326,0.7245,0.7248,2.40,2.40
2010.10.15 09:11:51.642,0.7245,0.7248,2.60,2.40
2010.10.15 09:11:52.052,0.7245,0.7248,2.60,2.40
2010.10.15 09:11:54.123,0.7245,0.7248,2.60,2.40
2010.10.15 09:11:54.293,0.7245,0.7248,2.60,2.50
2010.10.15 09:12:00.710,0.7245,0.7248,2.60,2.40
2010.10.15 09:12:01.493,0.7245,0.7248,2.60,2.40
2010.10.15 09:12:01.725,0.7245,0.7248,2.40,2.40
2010.10.15 09:12:01.951,0.7245,0.7248,2.40,2.40
2010.10.15 09:12:03.610,0.7245,0.7248,2.40,2.40
2010.10.15 09:12:03.950,0.7245,0.7248,2.40,2.40
2010.10.15 09:12:05.060,0.7245,0.7248,2.40,2.40
2010.10.15 09:12:07.351,0.7245,0.72485,2.40,3.40
2010.10.15 09:12:07.640,0.7245,0.7248,2.40,2.40
2010.10.15 09:12:13.959,0.7245,0.7248,2.40,2.40
2010.10.15 09:12:14.589,0.7245,0.7248,2.40,2.40
2010.10.15 09:12:15.322,0.7245,0.7248,2.40,2.40
2010.10.15 09:12:16.569,0.7245,0.7248,2.40,2.50
2010.10.15 09:12:16.997,0.7245,0.7248,2.40,2.40
2010.10.15 09:12:17.581,0.7245,0.7248,2.40,2.50
2010.10.15 09:12:17.739,0.7245,0.72485,2.40,3.40
2010.10.15 09:12:17.889,0.7245,0.7248,2.40,2.40
2010.10.15 09:12:20.739,0.7245,0.72485,2.40,3.50
2010.10.15 09:12:20.969,0.7245,0.7248,2.40,1.00
2010.10.15 09:12:21.198,0.7245,0.7248,2.40,2.40
2010.10.15 09:12:22.629,0.7245,0.7248,2.40,2.40
2010.10.15 09:12:22.971,0.7245,0.7248,2.40,2.40
2010.10.15 09:12:24.713,0.7245,0.7248,2.40,2.40
2010.10.15 09:12:25.290,0.7245,0.72475,2.40,2.40
2010.10.15 09:12:25.469,0.7245,0.72475,2.40,3.40
2010.10.15 09:12:25.780,0.7244,0.7247,2.40,2.40
2010.10.15 09:12:32.571,0.7244,0.7247,2.60,2.40
2010.10.15 09:12:32.879,0.72445,0.72475,2.40,2.40
2010.10.15 09:12:33.028,0.72445,0.72475,2.60,1.00
2010.10.15 09:12:34.113,0.72445,0.72475,2.60,1.00
2010.10.15 09:12:34.231,0.72445,0.7248,2.60,2.50
2010.10.15 09:12:34.991,0.72445,0.72475,2.60,1.00
2010.10.15 09:12:36.456,0.72445,0.7248,2.60,2.50
2010.10.15 09:12:36.626,0.7245,0.7248,2.40,1.00
2010.10.15 09:12:40.439,0.7245,0.72485,2.40,2.70
2010.10.15 09:12:40.558,0.72445,0.72475,2.40,2.40
2010.10.15 09:12:41.919,0.72445,0.72475,2.40,2.40
2010.10.15 09:12:44.195,0.72445,0.72475,2.40,2.40
2010.10.15 09:12:44.451,0.72445,0.72475,2.40,2.40
2010.10.15 09:12:51.882,0.72445,0.72475,2.40,2.40
2010.10.15 09:12:54.444,0.72445,0.72475,2.40,2.50
2010.10.15 09:12:57.037,0.72445,0.72475,2.40,2.40
2010.10.15 09:13:01.307,0.72445,0.72475,2.40,2.40
2010.10.15 09:13:01.900,0.72445,0.72475,2.40,2.40
2010.10.15 09:13:02.359,0.72445,0.72475,2.40,2.40
2010.10.15 09:13:03.245,0.7245,0.7248,2.40,2.50
2010.10.15 09:13:03.583,0.72445,0.72475,2.40,2.40
2010.10.15 09:13:04.659,0.72435,0.7247,3.40,2.40
2010.10.15 09:13:04.999,0.72435,0.7247,2.60,2.40
2010.10.15 09:13:05.299,0.72435,0.7247,2.60,2.40
2010.10.15 09:13:06.514,0.72435,0.7247,2.60,2.40
2010.10.15 09:13:11.410,0.72435,0.7247,2.40,2.40
2010.10.15 09:13:11.641,0.7243,0.72465,2.60,2.50
2010.10.15 09:13:13.673,0.7243,0.72465,2.40,2.50
2010.10.15 09:13:14.460,0.7243,0.7246,2.40,2.40
2010.10.15 09:13:14.739,0.7243,0.7246,2.40,2.40
2010.10.15 09:13:19.591,0.7243,0.72455,2.40,1.00
2010.10.15 09:13:22.871,0.7243,0.7246,2.40,2.40
2010.10.15 09:13:26.731,0.7243,0.72455,2.40,1.00
2010.10.15 09:13:26.980,0.7243,0.7246,2.40,2.40
2010.10.15 09:13:27.453,0.7243,0.72455,2.40,1.00
2010.10.15 09:13:28.241,0.7243,0.72455,2.40,1.00
2010.10.15 09:13:28.584,0.72425,0.72455,2.60,2.50
2010.10.15 09:13:29.744,0.72425,0.72455,2.60,2.40
2010.10.15 09:13:31.542,0.7243,0.72455,1.00,2.50
2010.10.15 09:13:31.947,0.72425,0.72455,5.00,2.50
2010.10.15 09:13:32.161,0.7243,0.7246,2.60,1.00
2010.10.15 09:13:32.947,0.72435,0.7246,1.00,1.00
2010.10.15 09:13:33.280,0.72435,0.72455,1.00,1.00
2010.10.15 09:13:33.621,0.7243,0.7246,3.40,1.00
2010.10.15 09:13:35.280,0.72435,0.7246,2.40,1.00
2010.10.15 09:13:35.561,0.72435,0.7246,2.40,1.00
2010.10.15 09:13:39.719,0.7243,0.7246,3.40,1.00
2010.10.15 09:13:40.930,0.72435,0.7246,2.40,1.00
2010.10.15 09:13:41.240,0.7243,0.7246,3.40,2.40
2010.10.15 09:13:41.933,0.7243,0.7246,2.60,2.50
2010.10.15 09:13:42.271,0.72425,0.7246,2.60,2.50
2010.10.15 09:13:42.610,0.7243,0.7246,1.00,2.50
2010.10.15 09:13:42.769,0.7243,0.7246,2.60,2.40
2010.10.15 09:13:42.930,0.7243,0.72455,2.60,1.00
2010.10.15 09:13:44.202,0.7242,0.72455,2.60,2.50
2010.10.15 09:13:45.948,0.7242,0.72455,2.60,2.40
2010.10.15 09:13:46.703,0.72425,0.72455,2.40,2.40
2010.10.15 09:13:48.150,0.72425,0.72455,2.40,2.40
2010.10.15 09:13:51.810,0.72425,0.72455,2.40,2.50
2010.10.15 09:13:52.052,0.72415,0.7245,2.60,2.50
2010.10.15 09:13:52.291,0.72415,0.7245,2.60,2.40
2010.10.15 09:13:53.170,0.72415,0.7245,2.60,2.50
2010.10.15 09:13:53.949,0.72415,0.7245,2.60,2.40
2010.10.15 09:13:54.551,0.7242,0.72455,2.40,2.60
2010.10.15 09:13:54.820,0.72415,0.7245,2.60,2.40
2010.10.15 09:13:55.286,0.7242,0.72455,2.40,2.60
2010.10.15 09:13:58.780,0.7242,0.72455,2.40,2.70
2010.10.15 09:13:59.822,0.7242,0.7245,2.40,1.00
2010.10.15 09:14:00.021,0.7242,0.72455,2.40,2.60
2010.10.15 09:14:00.660,0.72415,0.7245,2.60,2.50
2010.10.15 09:14:05.656,0.72415,0.7245,2.60,2.40
2010.10.15 09:14:05.831,0.72415,0.7245,5.00,2.40
2010.10.15 09:14:06.572,0.7242,0.7245,2.40,1.00
2010.10.15 09:14:06.900,0.7242,0.7245,2.60,1.00
2010.10.15 09:14:07.644,0.72425,0.72455,1.00,2.50
2010.10.15 09:14:07.975,0.7242,0.7246,2.60,2.50
2010.10.15 09:14:08.280,0.7242,0.72455,2.60,1.00
2010.10.15 09:14:08.744,0.7242,0.7246,2.60,2.50
2010.10.15 09:14:09.081,0.7242,0.7246,2.70,2.50
2010.10.15 09:14:09.422,0.7242,0.7246,2.40,2.70
2010.10.15 09:14:10.821,0.7242,0.7246,2.70,2.50
2010.10.15 09:14:11.150,0.72425,0.7246,2.40,2.50
2010.10.15 09:14:11.890,0.7241,0.72455,2.70,2.70
2010.10.15 09:14:12.169,0.7241,0.72455,2.60,2.70
2010.10.15 09:14:12.922,0.7241,0.72455,2.70,2.70
2010.10.15 09:14:13.260,0.7241,0.72455,2.50,2.70
2010.10.15 09:14:15.049,0.7241,0.72455,2.40,2.70
2010.10.15 09:14:15.566,0.7241,0.72455,2.50,2.70
2010.10.15 09:14:15.883,0.7241,0.72455,2.50,2.50
2010.10.15 09:14:16.442,0.7241,0.72455,2.40,2.50
2010.10.15 09:14:16.689,0.7241,0.72455,2.50,2.50
2010.10.15 09:14:19.450,0.7242,0.72455,2.40,1.00
2010.10.15 09:14:19.975,0.7241,0.72455,2.50,2.50
2010.10.15 09:14:20.310,0.7241,0.72455,2.50,2.40
2010.10.15 09:14:21.000,0.7241,0.72455,2.40,2.40
2010.10.15 09:14:21.341,0.72415,0.72455,1.00,2.40
2010.10.15 09:14:21.680,0.7241,0.7245,2.40,1.00
2010.10.15 09:14:22.020,0.7241,0.7245,2.40,2.40
2010.10.15 09:14:22.781,0.7241,0.7245,2.40,2.60
2010.10.15 09:14:23.120,0.72415,0.7245,1.00,2.60
2010.10.15 09:14:24.619,0.7241,0.7245,2.40,2.60
2010.10.15 09:14:24.879,0.72415,0.7245,1.00,2.60
2010.10.15 09:14:25.139,0.72415,0.7245,2.40,2.60
2010.10.15 09:14:25.654,0.72415,0.7245,2.40,2.60
2010.10.15 09:14:27.543,0.72415,0.7245,2.50,2.60
2010.10.15 09:14:28.369,0.72415,0.7245,2.40,2.70
2010.10.15 09:14:29.679,0.72415,0.7245,2.40,2.60
2010.10.15 09:14:29.779,0.72415,0.72445,2.40,1.00
2010.10.15 09:14:29.880,0.7241,0.72445,2.40,2.60
2010.10.15 09:14:29.980,0.7241,0.72445,2.40,2.60
2010.10.15 09:14:30.563,0.7241,0.7244,2.40,2.40
2010.10.15 09:14:34.276,0.7241,0.7244,2.40,2.60
2010.10.15 09:14:36.891,0.7241,0.7244,2.40,2.70
2010.10.15 09:14:37.048,0.72405,0.7244,2.40,2.60
2010.10.15 09:14:37.680,0.7241,0.7244,2.40,2.60
2010.10.15 09:14:40.920,0.72405,0.72435,2.40,2.40
2010.10.15 09:14:41.110,0.72405,0.72435,2.60,2.40
2010.10.15 09:14:41.300,0.7241,0.7244,2.40,1.00
2010.10.15 09:14:41.639,0.7241,0.7244,2.40,2.60
2010.10.15 09:14:42.064,0.7241,0.7244,2.40,2.70
2010.10.15 09:14:42.400,0.7241,0.7244,2.40,2.60
2010.10.15 09:14:42.740,0.7241,0.7243,2.40,1.00
2010.10.15 09:14:42.909,0.724,0.7243,2.40,2.60
2010.10.15 09:14:43.079,0.724,0.7243,2.40,2.40
2010.10.15 09:14:43.249,0.724,0.72435,2.40,1.00
2010.10.15 09:14:43.750,0.724,0.72435,2.40,1.00
2010.10.15 09:14:44.069,0.72405,0.72435,2.40,2.40
2010.10.15 09:14:45.000,0.72405,0.72435,2.40,2.50
2010.10.15 09:14:46.600,0.72405,0.72435,3.40,2.40
2010.10.15 09:14:46.820,0.7241,0.72435,2.40,1.00
2010.10.15 09:14:47.450,0.724,0.7243,2.40,2.40
2010.10.15 09:14:47.730,0.724,0.7243,2.40,2.50
2010.10.15 09:14:48.779,0.724,0.7243,2.60,2.40
2010.10.15 09:14:49.123,0.724,0.7243,2.40,2.40
2010.10.15 09:14:49.609,0.724,0.7243,2.60,2.40
2010.10.15 09:14:49.760,0.72405,0.7243,1.00,2.40
2010.10.15 09:14:49.910,0.7241,0.7244,2.40,2.60
2010.10.15 09:14:50.061,0.72405,0.72435,3.40,2.40
2010.10.15 09:14:50.771,0.72415,0.72445,2.40,2.50
2010.10.15 09:14:51.064,0.72415,0.72445,2.60,2.40
2010.10.15 09:14:52.174,0.72415,0.72445,2.60,2.40
2010.10.15 09:14:53.169,0.72415,0.72445,2.40,2.40
2010.10.15 09:14:53.898,0.72415,0.7245,2.40,2.40
2010.10.15 09:14:58.300,0.72415,0.7245,2.40,2.50
2010.10.15 09:14:58.570,0.72415,0.7245,2.40,2.40
2010.10.15 09:14:58.961,0.7242,0.72455,2.40,2.70
2010.10.15 09:14:59.739,0.72415,0.7245,2.40,2.50
2010.10.15 09:15:00.420,0.72415,0.7245,2.40,2.40
2010.10.15 09:15:01.226,0.72415,0.72445,2.40,2.40
2010.10.15 09:15:01.401,0.72415,0.72445,2.40,2.40
2010.10.15 09:15:06.169,0.72415,0.72445,2.40,2.50
2010.10.15 09:15:06.539,0.72415,0.72445,2.40,2.40
2010.10.15 09:15:14.215,0.72415,0.7245,2.40,2.40
2010.10.15 09:15:21.550,0.72415,0.7245,2.40,2.50
2010.10.15 09:15:21.889,0.72415,0.7245,2.40,2.40
2010.10.15 09:15:22.230,0.72415,0.72445,2.40,2.40
2010.10.15 09:15:22.450,0.72415,0.72445,2.40,2.40
2010.10.15 09:15:22.917,0.72415,0.72445,2.40,2.40
2010.10.15 09:15:26.514,0.72415,0.72445,2.40,2.50
2010.10.15 09:15:27.137,0.72415,0.72445,2.40,2.40
2010.10.15 09:15:27.353,0.72415,0.72445,2.40,2.40
2010.10.15 09:15:33.426,0.72415,0.72445,2.40,2.50
2010.10.15 09:15:35.518,0.72415,0.7244,2.40,1.00
2010.10.15 09:15:35.843,0.7241,0.7244,2.60,2.40
2010.10.15 09:15:36.282,0.7241,0.7244,2.60,2.40
2010.10.15 09:15:36.631,0.72415,0.72445,2.40,2.40
2010.10.15 09:15:36.971,0.72415,0.72445,2.60,2.40
2010.10.15 09:15:38.269,0.72415,0.72445,2.60,2.40
2010.10.15 09:15:38.570,0.72415,0.72445,2.60,2.50
2010.10.15 09:15:38.884,0.72415,0.72445,2.40,2.50
2010.10.15 09:15:39.340,0.72415,0.72445,2.40,2.40
2010.10.15 09:15:43.433,0.7241,0.7244,2.40,2.40
2010.10.15 09:15:44.049,0.7241,0.7244,2.60,2.40
2010.10.15 09:15:44.362,0.72415,0.72445,2.60,2.50
2010.10.15 09:15:45.120,0.72415,0.72445,2.40,2.50
2010.10.15 09:15:46.482,0.72415,0.72445,2.40,2.40
2010.10.15 09:15:54.789,0.7241,0.7244,2.40,2.40
2010.10.15 09:15:55.484,0.7241,0.7244,2.40,2.60
2010.10.15 09:15:55.661,0.72405,0.7244,2.40,2.50
2010.10.15 09:15:55.892,0.7241,0.7244,2.40,2.40
2010.10.15 09:15:58.501,0.724,0.72435,2.60,2.60
2010.10.15 09:15:59.544,0.724,0.72435,2.60,2.40
2010.10.15 09:15:59.871,0.72405,0.72435,2.40,2.50
2010.10.15 09:16:00.052,0.7241,0.7244,2.40,2.70
2010.10.15 09:16:01.030,0.7241,0.7244,2.40,2.40
2010.10.15 09:16:01.856,0.72405,0.72435,2.60,2.40
2010.10.15 09:16:02.143,0.7241,0.7244,2.40,4.30
2010.10.15 09:16:02.605,0.7241,0.7244,2.40,2.70
2010.10.15 09:16:02.893,0.7241,0.7244,2.40,3.40
2010.10.15 09:16:03.232,0.7241,0.7244,2.40,2.60
2010.10.15 09:16:04.741,0.7241,0.7244,2.40,2.60
2010.10.15 09:16:05.592,0.72415,0.7244,2.40,2.40
2010.10.15 09:16:06.897,0.7241,0.7244,2.60,2.60
2010.10.15 09:16:07.233,0.7241,0.7244,2.60,2.70
2010.10.15 09:16:07.572,0.72415,0.7244,2.40,2.60
2010.10.15 09:16:08.362,0.7241,0.7244,2.60,2.70
2010.10.15 09:16:08.670,0.7241,0.7244,2.60,2.60
2010.10.15 09:16:09.384,0.7241,0.7244,2.60,2.60
2010.10.15 09:16:09.969,0.7241,0.7244,2.60,2.70
2010.10.15 09:16:10.259,0.7241,0.7244,2.60,2.60
2010.10.15 09:16:10.779,0.7241,0.7244,2.60,2.60
2010.10.15 09:16:11.130,0.7241,0.72435,2.60,2.40
2010.10.15 09:16:13.729,0.7241,0.7244,2.60,2.60
2010.10.15 09:16:16.570,0.7241,0.7244,3.40,2.40
2010.10.15 09:16:17.060,0.7241,0.7244,3.40,2.50
2010.10.15 09:16:20.251,0.7241,0.7244,3.40,2.40
2010.10.15 09:16:20.680,0.7241,0.7244,3.40,2.40
2010.10.15 09:16:22.042,0.72415,0.7244,2.40,2.40
2010.10.15 09:16:25.820,0.72425,0.7244,1.00,2.40
2010.10.15 09:16:26.021,0.72425,0.7245,3.40,2.40
2010.10.15 09:16:26.793,0.72425,0.7245,1.00,2.40
2010.10.15 09:16:27.130,0.7242,0.7245,2.60,2.40
2010.10.15 09:16:28.650,0.7242,0.7245,2.60,2.50
2010.10.15 09:16:30.972,0.7242,0.7245,2.60,2.40
2010.10.15 09:16:33.441,0.72425,0.72455,2.40,2.60
2010.10.15 09:16:33.743,0.7242,0.7245,2.60,2.40
2010.10.15 09:16:35.690,0.72415,0.7245,2.60,2.60
2010.10.15 09:16:36.497,0.72415,0.7245,4.20,2.60
2010.10.15 09:16:36.682,0.7242,0.7245,2.60,2.40
2010.10.15 09:16:40.439,0.72425,0.7245,2.40,2.40
2010.10.15 09:16:43.379,0.72425,0.72455,2.40,2.60
2010.10.15 09:16:47.983,0.72415,0.7245,2.60,2.60
2010.10.15 09:16:48.967,0.72415,0.7245,2.60,2.40
2010.10.15 09:16:49.792,0.72415,0.7245,2.40,2.40
2010.10.15 09:16:52.941,0.72415,0.7245,2.40,2.40
2010.10.15 09:16:53.719,0.72415,0.7245,2.50,2.40
2010.10.15 09:16:55.550,0.72415,0.7245,2.40,2.40
2010.10.15 09:16:57.280,0.72415,0.7245,2.40,2.40
2010.10.15 09:16:59.530,0.7242,0.7245,1.00,2.40
2010.10.15 09:16:59.710,0.72425,0.72455,2.40,2.40
2010.10.15 09:16:59.880,0.72425,0.72455,2.40,2.40
2010.10.15 09:17:00.460,0.7242,0.72455,2.40,2.50
2010.10.15 09:17:00.919,0.7242,0.72455,2.40,2.40
2010.10.15 09:17:05.090,0.7243,0.72455,2.40,1.00
2010.10.15 09:17:05.260,0.72425,0.72455,2.40,2.50
2010.10.15 09:17:05.420,0.72425,0.72455,2.40,2.40
2010.10.15 09:17:05.929,0.7242,0.7245,2.40,2.40
2010.10.15 09:17:10.712,0.7242,0.7245,2.60,2.40
2010.10.15 09:17:16.510,0.7242,0.72455,2.60,2.40
2010.10.15 09:17:16.543,0.7242,0.72455,2.70,2.40
2010.10.15 09:17:16.882,0.7242,0.72455,2.60,2.40
2010.10.15 09:17:17.346,0.7242,0.72455,2.70,2.40
2010.10.15 09:17:19.364,0.7242,0.72455,2.60,2.40
2010.10.15 09:17:39.363,0.7242,0.7245,2.40,2.40
2010.10.15 09:17:42.774,0.7242,0.7245,2.60,2.40
2010.10.15 09:17:44.152,0.72415,0.72445,2.60,2.40
2010.10.15 09:17:44.436,0.72415,0.72445,3.40,2.40
2010.10.15 09:17:44.878,0.7242,0.72445,2.40,2.40
2010.10.15 09:17:45.104,0.7242,0.72445,2.60,2.40
2010.10.15 09:17:45.702,0.7242,0.72445,2.40,2.40
2010.10.15 09:17:45.972,0.7242,0.72445,2.60,2.40
2010.10.15 09:17:49.830,0.72415,0.72445,4.20,2.40
2010.10.15 09:17:50.258,0.72415,0.72445,2.60,2.40
2010.10.15 09:17:51.190,0.72415,0.72445,2.60,2.50
2010.10.15 09:17:54.471,0.72415,0.72445,2.60,2.40
2010.10.15 09:17:54.589,0.72415,0.72445,2.40,2.60
2010.10.15 09:17:55.112,0.72415,0.7244,2.40,2.40
2010.10.15 09:17:57.181,0.7241,0.7244,2.60,2.50
2010.10.15 09:18:02.224,0.7241,0.7244,2.60,2.40
2010.10.15 09:18:02.721,0.7241,0.7244,2.60,2.50
2010.10.15 09:18:03.222,0.7241,0.7244,2.60,2.40
2010.10.15 09:18:06.083,0.72415,0.7244,1.00,2.40
2010.10.15 09:18:06.270,0.72415,0.7244,1.00,2.40
2010.10.15 09:18:06.449,0.72415,0.72445,2.60,2.50
2010.10.15 09:18:08.330,0.72415,0.72445,2.40,2.50
2010.10.15 09:18:09.583,0.7241,0.7244,2.40,2.40
2010.10.15 09:18:09.840,0.72415,0.7245,2.40,2.40
2010.10.15 09:18:10.612,0.72415,0.7245,2.40,2.50
2010.10.15 09:18:10.950,0.72415,0.7245,2.40,2.40
2010.10.15 09:18:14.933,0.7242,0.72445,2.40,2.40
2010.10.15 09:18:15.171,0.7242,0.7245,2.40,1.00
2010.10.15 09:18:16.111,0.7242,0.72445,2.40,2.40
2010.10.15 09:18:17.212,0.7242,0.72455,2.40,2.60
2010.10.15 09:18:20.599,0.7242,0.72455,2.40,2.60
2010.10.15 09:18:20.919,0.7242,0.72455,2.40,2.60
2010.10.15 09:18:22.430,0.7242,0.72455,2.40,2.60
2010.10.15 09:18:24.500,0.7242,0.72455,2.40,2.60
2010.10.15 09:18:26.060,0.7242,0.72455,2.40,2.60
2010.10.15 09:18:26.862,0.7242,0.7245,2.40,2.40
2010.10.15 09:18:27.201,0.7242,0.72455,2.40,2.60
2010.10.15 09:18:47.286,0.7242,0.72455,2.60,2.40
2010.10.15 09:18:47.536,0.7243,0.7246,2.40,2.50
2010.10.15 09:18:47.781,0.7243,0.7246,2.40,2.40
2010.10.15 09:18:48.030,0.7242,0.7246,2.60,2.60
2010.10.15 09:18:48.853,0.7242,0.7246,2.60,2.70
2010.10.15 09:18:59.512,0.7242,0.7246,2.60,2.60
2010.10.15 09:18:59.746,0.72425,0.7246,2.40,2.60
2010.10.15 09:18:59.972,0.7243,0.7246,2.40,2.40
2010.10.15 09:19:01.370,0.7243,0.7246,2.40,2.40
2010.10.15 09:19:02.125,0.7243,0.7246,2.40,2.40
2010.10.15 09:19:03.741,0.7242,0.7246,2.60,3.40
2010.10.15 09:19:04.419,0.7242,0.7246,2.40,2.60
2010.10.15 09:19:05.301,0.7242,0.7246,2.40,2.70
2010.10.15 09:19:06.842,0.7242,0.7246,2.40,2.60
2010.10.15 09:19:08.584,0.7242,0.7246,2.50,2.60
2010.10.15 09:19:08.656,0.72425,0.7246,2.40,2.40
2010.10.15 09:19:08.781,0.72425,0.7246,2.60,2.40
2010.10.15 09:19:09.266,0.7243,0.72465,2.40,2.40
2010.10.15 09:19:10.571,0.72425,0.7246,2.40,2.40
2010.10.15 09:19:10.820,0.7242,0.72465,2.60,2.60
2010.10.15 09:19:11.059,0.7242,0.7246,2.60,2.40
2010.10.15 09:19:11.300,0.7242,0.7246,2.70,2.40
2010.10.15 09:19:12.851,0.72425,0.72465,2.40,2.50
2010.10.15 09:19:13.141,0.7242,0.7246,2.70,2.40
2010.10.15 09:19:13.850,0.7242,0.7246,2.50,2.40
2010.10.15 09:19:15.100,0.72425,0.7246,2.40,2.50
2010.10.15 09:19:15.190,0.72425,0.7246,2.40,2.40
2010.10.15 09:19:15.369,0.7242,0.7246,2.50,2.40
2010.10.15 09:19:15.812,0.72425,0.7246,2.40,2.40
2010.10.15 09:19:16.259,0.7242,0.7246,2.50,2.40
2010.10.15 09:19:16.529,0.72425,0.7246,2.40,2.40
2010.10.15 09:19:17.069,0.7242,0.7246,2.50,2.40
2010.10.15 09:19:20.499,0.72425,0.7246,2.40,2.40
2010.10.15 09:19:20.931,0.7242,0.7246,2.40,2.50
2010.10.15 09:19:21.339,0.7242,0.7246,2.50,2.40
2010.10.15 09:19:21.669,0.72425,0.7246,2.40,2.40
2010.10.15 09:19:24.432,0.7243,0.7246,2.40,1.00
2010.10.15 09:19:24.772,0.7242,0.7246,2.50,2.40
2010.10.15 09:19:25.542,0.7242,0.7246,2.40,2.40
2010.10.15 09:19:25.820,0.7242,0.7246,2.40,2.40
2010.10.15 09:19:26.380,0.7242,0.7246,2.50,2.40
2010.10.15 09:19:27.671,0.7242,0.7246,2.40,2.50
2010.10.15 09:19:27.930,0.7242,0.7246,2.50,2.40
2010.10.15 09:19:28.019,0.7242,0.7246,2.40,2.50
2010.10.15 09:19:28.110,0.7242,0.7246,2.50,2.40
2010.10.15 09:19:28.199,0.72425,0.7246,2.40,2.40
2010.10.15 09:19:30.371,0.7242,0.7246,2.50,2.40
2010.10.15 09:19:32.069,0.72425,0.7246,2.40,2.40
2010.10.15 09:19:34.341,0.7242,0.7246,2.50,2.40
2010.10.15 09:19:36.909,0.72425,0.7246,2.40,2.40
2010.10.15 09:19:40.817,0.7242,0.7246,2.50,2.40
2010.10.15 09:19:41.781,0.72425,0.7246,2.40,2.40
2010.10.15 09:19:48.292,0.72425,0.72465,2.60,2.50
2010.10.15 09:19:48.352,0.7243,0.72465,2.40,2.50
2010.10.15 09:19:52.601,0.72435,0.72465,1.00,2.40
2010.10.15 09:19:52.890,0.72435,0.7247,2.60,2.50
2010.10.15 09:19:53.591,0.72435,0.7247,2.60,2.40
2010.10.15 09:19:53.933,0.72435,0.72475,2.60,2.60
2010.10.15 09:19:54.273,0.7244,0.72475,2.40,2.60
2010.10.15 09:19:54.740,0.72435,0.72475,2.60,2.60
2010.10.15 09:19:55.361,0.72435,0.72475,2.60,2.60
2010.10.15 09:19:56.105,0.72445,0.7248,2.40,2.60
2010.10.15 09:19:56.444,0.72445,0.72475,2.40,2.40
2010.10.15 09:19:57.188,0.72445,0.72475,2.40,2.40
2010.10.15 09:19:57.454,0.72435,0.72475,2.60,2.40
2010.10.15 09:19:59.511,0.7244,0.72475,2.40,2.40
2010.10.15 09:19:59.932,0.7244,0.7248,2.40,2.60
2010.10.15 09:20:00.220,0.72435,0.7248,2.60,2.60
2010.10.15 09:20:01.090,0.72435,0.72475,2.60,1.00
2010.10.15 09:20:01.881,0.72435,0.72475,2.60,2.40
2010.10.15 09:20:03.508,0.72435,0.7247,2.60,1.00
2010.10.15 09:20:03.663,0.72435,0.7247,2.40,2.40
2010.10.15 09:20:03.822,0.72435,0.72475,2.40,2.60
2010.10.15 09:20:04.593,0.72435,0.72475,2.40,2.60
2010.10.15 09:20:04.930,0.72435,0.72475,2.40,2.70
2010.10.15 09:20:05.272,0.72435,0.7247,2.40,1.00
2010.10.15 09:20:05.615,0.7244,0.72475,2.40,2.60
2010.10.15 09:20:06.281,0.7244,0.72475,2.40,2.70
2010.10.15 09:20:07.062,0.7244,0.72475,2.40,2.60
2010.10.15 09:20:07.834,0.7244,0.72475,2.40,2.60
2010.10.15 09:20:13.349,0.72445,0.72475,2.40,2.60
2010.10.15 09:20:28.961,0.72445,0.7248,2.40,2.70
2010.10.15 09:20:29.440,0.72445,0.72475,2.40,1.00
2010.10.15 09:20:39.016,0.7245,0.72475,2.40,1.00
2010.10.15 09:20:43.480,0.72455,0.72475,2.40,1.00
2010.10.15 09:20:43.620,0.7245,0.72475,2.40,1.00
2010.10.15 09:20:44.412,0.72445,0.72475,2.40,1.00
2010.10.15 09:20:44.750,0.72445,0.72475,2.40,2.60
2010.10.15 09:20:55.290,0.72445,0.72475,2.40,2.70
2010.10.15 09:20:58.953,0.72445,0.72475,2.40,2.60
2010.10.15 09:21:01.690,0.72445,0.7247,2.40,1.00
2010.10.15 09:21:01.851,0.7244,0.7247,2.40,2.60
2010.10.15 09:21:02.090,0.7244,0.7247,2.40,1.00
2010.10.15 09:21:02.715,0.7244,0.7247,2.40,1.00
2010.10.15 09:21:03.350,0.7244,0.72475,2.40,2.60
2010.10.15 09:21:04.258,0.7244,0.7247,2.40,1.00
2010.10.15 09:21:04.751,0.7244,0.7247,2.40,1.00
2010.10.15 09:21:05.091,0.7244,0.7247,2.40,2.70
2010.10.15 09:21:06.831,0.7244,0.7247,2.40,3.50
2010.10.15 09:21:07.150,0.7244,0.7247,2.40,2.70
2010.10.15 09:21:08.098,0.7244,0.7247,2.40,2.60
2010.10.15 09:21:08.782,0.7244,0.7247,2.40,2.60
2010.10.15 09:21:10.290,0.7244,0.7247,2.40,2.60
2010.10.15 09:21:10.570,0.7244,0.7247,2.40,2.70
2010.10.15 09:21:11.331,0.72435,0.7247,2.40,2.60
2010.10.15 09:21:11.551,0.72435,0.72465,2.40,1.00
2010.10.15 09:21:12.232,0.72435,0.7247,2.40,2.60
2010.10.15 09:21:12.451,0.72435,0.7247,2.60,2.40
2010.10.15 09:21:13.564,0.7244,0.72475,2.40,2.70
2010.10.15 09:21:13.862,0.7244,0.72475,2.40,2.60
2010.10.15 09:21:15.881,0.7244,0.72475,2.40,2.60
2010.10.15 09:21:16.111,0.72435,0.72465,2.40,2.40
2010.10.15 09:21:16.341,0.7244,0.7247,2.40,5.10
2010.10.15 09:21:16.933,0.7244,0.7247,2.40,1.60
2010.10.15 09:21:17.272,0.7244,0.72475,2.40,3.50
2010.10.15 09:21:17.610,0.7244,0.72475,2.40,2.60
2010.10.15 09:21:18.597,0.7244,0.7247,2.40,1.00
2010.10.15 09:21:18.931,0.7244,0.72475,2.40,2.70
2010.10.15 09:21:19.270,0.7244,0.72475,2.40,2.50
2010.10.15 09:21:20.020,0.72445,0.72475,2.40,2.50
2010.10.15 09:21:20.681,0.72445,0.72475,2.40,2.40
2010.10.15 09:21:21.310,0.72445,0.72475,2.40,2.50
2010.10.15 09:21:21.602,0.72445,0.72475,2.40,2.60
2010.10.15 09:21:23.530,0.72445,0.72475,2.40,2.60
2010.10.15 09:21:24.423,0.72445,0.72475,2.40,2.60
2010.10.15 09:21:26.273,0.72445,0.72475,2.40,2.60
2010.10.15 09:21:26.557,0.7244,0.72475,2.40,2.70
2010.10.15 09:21:27.343,0.7244,0.7247,2.40,1.00
2010.10.15 09:21:27.681,0.7244,0.7247,2.40,1.00
2010.10.15 09:21:28.313,0.7244,0.7247,2.40,1.00
2010.10.15 09:21:29.878,0.7244,0.7247,2.40,1.00
2010.10.15 09:21:30.224,0.7244,0.7247,2.40,1.00
2010.10.15 09:21:32.630,0.7244,0.7247,2.40,1.00
2010.10.15 09:21:36.461,0.7244,0.7247,2.40,1.00
2010.10.15 09:21:38.510,0.7244,0.7247,2.40,1.00
2010.10.15 09:21:38.681,0.7244,0.7247,2.40,1.00
2010.10.15 09:21:39.732,0.7244,0.7247,2.40,1.00
2010.10.15 09:21:39.980,0.72445,0.72475,2.60,2.40
2010.10.15 09:21:40.625,0.72445,0.72475,2.40,2.70
2010.10.15 09:21:40.971,0.72445,0.7248,2.60,1.00
2010.10.15 09:21:41.312,0.72445,0.7248,2.40,2.60
2010.10.15 09:21:41.591,0.72445,0.7248,2.40,2.60
2010.10.15 09:21:42.036,0.72445,0.7248,2.40,2.60
2010.10.15 09:21:42.311,0.72445,0.7248,2.40,2.50
2010.10.15 09:21:42.872,0.72445,0.7248,2.40,2.40
2010.10.15 09:21:53.171,0.7245,0.72485,2.40,3.40
2010.10.15 09:21:54.190,0.7245,0.7248,2.40,1.00
2010.10.15 09:21:54.360,0.72445,0.7248,2.40,1.00
2010.10.15 09:21:55.914,0.72445,0.7248,2.40,2.40
2010.10.15 09:21:56.250,0.72445,0.7248,2.40,2.50
2010.10.15 09:21:57.312,0.7245,0.7248,2.40,1.00
2010.10.15 09:21:57.651,0.7245,0.72485,2.40,3.40
2010.10.15 09:21:57.990,0.7245,0.72485,2.40,3.50
2010.10.15 09:21:59.230,0.7245,0.72485,2.40,3.40
2010.10.15 09:21:59.753,0.7245,0.72485,2.40,2.60
2010.10.15 09:22:01.501,0.7245,0.72485,2.40,2.70
2010.10.15 09:22:01.650,0.72445,0.7248,2.40,1.00
2010.10.15 09:22:01.800,0.72445,0.72485,2.40,2.70
2010.10.15 09:22:02.901,0.72445,0.7248,2.40,1.00
2010.10.15 09:22:12.856,0.72445,0.72485,2.40,2.70
2010.10.15 09:22:14.383,0.72445,0.7248,2.40,1.00
2010.10.15 09:22:18.400,0.72445,0.7248,2.40,2.50
2010.10.15 09:22:25.730,0.72445,0.7248,2.40,1.00
2010.10.15 09:22:30.500,0.72445,0.7248,2.40,2.50
2010.10.15 09:22:36.114,0.72445,0.72475,2.40,1.00
2010.10.15 09:22:36.280,0.72445,0.7248,2.40,2.50
2010.10.15 09:22:38.318,0.72445,0.7248,2.40,2.40
2010.10.15 09:22:38.782,0.72445,0.72475,2.40,1.00
2010.10.15 09:22:38.930,0.72445,0.7248,2.40,2.40
2010.10.15 09:22:40.501,0.72445,0.7248,2.40,2.50
2010.10.15 09:22:41.494,0.72445,0.7248,2.40,1.00
2010.10.15 09:22:41.790,0.72445,0.7248,2.40,2.50
2010.10.15 09:22:42.962,0.72445,0.72475,2.40,1.00
2010.10.15 09:22:43.303,0.72445,0.7248,2.40,2.50
2010.10.15 09:22:43.642,0.72445,0.72475,2.40,1.00
2010.10.15 09:22:44.632,0.72445,0.72475,2.40,1.00
2010.10.15 09:22:46.860,0.72445,0.72475,2.40,1.00
2010.10.15 09:22:46.990,0.72445,0.72475,2.40,2.60
2010.10.15 09:22:47.120,0.7244,0.72475,2.40,2.60
2010.10.15 09:22:47.251,0.7244,0.72475,2.40,2.40
2010.10.15 09:22:47.382,0.72445,0.72475,2.40,2.60
2010.10.15 09:22:47.825,0.72445,0.7247,2.40,1.00
2010.10.15 09:22:47.950,0.7244,0.7247,2.40,2.50
2010.10.15 09:22:48.291,0.7244,0.72465,2.40,1.00
2010.10.15 09:22:48.630,0.72435,0.7247,2.40,2.70
2010.10.15 09:22:49.292,0.7244,0.72465,2.40,1.00
2010.10.15 09:22:49.663,0.72435,0.72465,2.40,1.00
2010.10.15 09:22:51.371,0.72435,0.7246,2.40,1.00
2010.10.15 09:22:53.142,0.72435,0.7247,2.40,2.60
2010.10.15 09:22:53.282,0.72435,0.72465,2.40,1.00
2010.10.15 09:22:53.562,0.72435,0.7247,2.40,2.70
2010.10.15 09:22:54.091,0.7244,0.7247,2.40,2.70
2010.10.15 09:22:54.312,0.7244,0.7247,2.40,2.40
2010.10.15 09:22:55.490,0.7244,0.7247,2.40,2.50
2010.10.15 09:22:56.972,0.7244,0.72465,2.40,1.00
2010.10.15 09:22:57.281,0.7244,0.7247,2.40,2.50
2010.10.15 09:22:57.860,0.7244,0.72465,2.40,1.00
2010.10.15 09:22:58.763,0.7244,0.7247,2.40,2.50
2010.10.15 09:22:58.943,0.7244,0.7247,2.60,2.50
2010.10.15 09:22:59.123,0.7245,0.72465,2.40,1.00
2010.10.15 09:22:59.303,0.72445,0.72465,2.40,1.00
2010.10.15 09:22:59.482,0.7244,0.72465,2.40,1.00
2010.10.15 09:22:59.820,0.7244,0.7247,2.40,2.50
2010.10.15 09:23:00.816,0.7244,0.7247,2.40,2.40
2010.10.15 09:23:01.480,0.7244,0.7247,2.60,1.00
2010.10.15 09:23:01.612,0.7245,0.7248,2.40,2.60
2010.10.15 09:23:01.956,0.72445,0.72475,2.40,1.00
2010.10.15 09:23:04.191,0.72445,0.7248,2.40,2.50
2010.10.15 09:23:04.482,0.72445,0.7248,2.40,1.00
2010.10.15 09:23:05.478,0.72445,0.72485,2.40,3.40
2010.10.15 09:23:05.823,0.7245,0.72485,2.40,3.40
2010.10.15 09:23:06.441,0.7245,0.7248,2.40,1.00
2010.10.15 09:23:07.363,0.7245,0.72485,2.40,2.70
2010.10.15 09:23:07.592,0.72455,0.72485,2.40,2.70
2010.10.15 09:23:07.820,0.7245,0.7248,2.40,1.00
2010.10.15 09:23:08.460,0.7245,0.7248,2.40,2.60
2010.10.15 09:23:09.141,0.7245,0.7248,2.40,2.40
2010.10.15 09:23:09.482,0.7245,0.7248,2.40,2.40
2010.10.15 09:23:10.223,0.7245,0.7248,2.40,2.40
2010.10.15 09:23:10.850,0.7245,0.7248,2.40,2.40
2010.10.15 09:23:11.404,0.7245,0.7248,2.40,2.40
2010.10.15 09:23:11.703,0.72455,0.72485,2.40,3.50
2010.10.15 09:23:13.273,0.72455,0.72485,2.40,3.40
2010.10.15 09:23:14.032,0.72455,0.72485,2.40,3.50
2010.10.15 09:23:15.323,0.72455,0.72485,2.40,3.40
2010.10.15 09:23:15.662,0.72455,0.7248,2.40,1.00
2010.10.15 09:23:16.002,0.7245,0.72475,2.40,1.00
2010.10.15 09:23:16.783,0.7245,0.7248,2.40,2.40
2010.10.15 09:23:25.974,0.7245,0.7248,2.40,2.40
2010.10.15 09:23:26.156,0.72455,0.72485,2.40,2.70
2010.10.15 09:23:26.511,0.7245,0.7248,2.40,2.40
2010.10.15 09:23:26.691,0.7245,0.7248,2.40,2.50
2010.10.15 09:23:27.971,0.7245,0.7248,2.40,2.40
2010.10.15 09:23:47.318,0.72445,0.7248,2.40,2.40
2010.10.15 09:23:47.761,0.7245,0.7248,2.40,2.40
2010.10.15 09:23:47.871,0.72445,0.7248,2.40,2.40
2010.10.15 09:23:48.632,0.72445,0.72475,2.40,2.40
2010.10.15 09:23:48.971,0.72445,0.7247,2.40,1.00
2010.10.15 09:23:49.781,0.7244,0.7247,2.40,1.00
2010.10.15 09:23:54.387,0.7244,0.72465,2.40,1.00
2010.10.15 09:23:54.504,0.7244,0.7247,2.40,1.00
2010.10.15 09:23:54.981,0.72445,0.7247,2.40,1.00
2010.10.15 09:23:55.324,0.72445,0.72475,2.40,1.00
2010.10.15 09:23:56.802,0.72445,0.72475,2.40,1.00
2010.10.15 09:23:58.480,0.72445,0.7248,3.40,2.40
2010.10.15 09:23:58.610,0.7245,0.7248,2.40,2.40
2010.10.15 09:23:58.740,0.72455,0.72485,2.40,2.50
2010.10.15 09:23:59.591,0.72455,0.72485,2.40,2.40
2010.10.15 09:23:59.840,0.72455,0.72485,2.40,1.00
2010.10.15 09:24:01.702,0.72455,0.72485,2.40,1.00
2010.10.15 09:24:07.612,0.72455,0.72485,2.40,2.50
2010.10.15 09:24:08.472,0.72455,0.72485,2.40,2.40
2010.10.15 09:24:13.241,0.72455,0.72485,2.40,2.40
2010.10.15 09:24:14.600,0.72455,0.72485,2.40,2.40
2010.10.15 09:24:15.090,0.72455,0.72485,2.40,2.50
2010.10.15 09:24:16.432,0.72455,0.72485,2.40,2.40
2010.10.15 09:24:16.562,0.72455,0.72485,2.40,2.50
2010.10.15 09:24:17.019,0.72445,0.72485,2.60,1.00
2010.10.15 09:24:17.085,0.72455,0.7249,2.40,2.50
2010.10.15 09:24:18.431,0.72455,0.72485,2.40,1.00
2010.10.15 09:24:20.241,0.72455,0.7249,2.40,2.50
2010.10.15 09:24:20.820,0.72455,0.7249,2.40,2.40
2010.10.15 09:24:24.123,0.72455,0.7249,2.40,2.40
2010.10.15 09:24:24.212,0.72455,0.7249,2.40,2.40
2010.10.15 09:24:24.302,0.72455,0.7249,2.40,2.50
2010.10.15 09:24:28.864,0.72455,0.7249,2.40,2.40
2010.10.15 09:24:41.490,0.72455,0.7249,2.40,2.50
2010.10.15 09:24:42.232,0.72455,0.72485,2.40,1.00
2010.10.15 09:24:42.273,0.72455,0.7249,2.40,2.40
2010.10.15 09:24:44.850,0.72455,0.72485,2.40,1.00
2010.10.15 09:24:45.495,0.72455,0.72485,2.40,1.00
2010.10.15 09:24:47.092,0.72455,0.72485,2.40,2.50
2010.10.15 09:24:53.610,0.72455,0.72485,2.40,1.00
2010.10.15 09:24:54.154,0.72455,0.72485,2.40,2.50
2010.10.15 09:24:54.422,0.72455,0.72485,2.40,1.00
2010.10.15 09:25:01.090,0.72455,0.72485,2.40,2.50
2010.10.15 09:25:01.370,0.72455,0.72485,2.40,2.70
2010.10.15 09:25:01.630,0.72445,0.72475,2.40,2.40
2010.10.15 09:25:02.172,0.72455,0.72475,1.00,2.40
2010.10.15 09:25:02.518,0.72465,0.72495,2.40,1.00
2010.10.15 09:25:05.330,0.72455,0.72495,2.70,1.00
2010.10.15 09:25:06.070,0.72455,0.7249,2.60,1.00
2010.10.15 09:25:06.379,0.72455,0.7249,2.40,1.00
2010.10.15 09:25:06.720,0.72455,0.72495,3.20,1.00
2010.10.15 09:25:07.439,0.72455,0.72495,5.00,1.00
2010.10.15 09:25:07.641,0.72445,0.7248,2.40,2.40
2010.10.15 09:25:07.840,0.72455,0.7249,2.40,2.40
2010.10.15 09:25:08.040,0.7245,0.72485,2.40,2.40
2010.10.15 09:25:08.240,0.7245,0.72485,2.60,2.40
2010.10.15 09:25:08.439,0.72455,0.72485,2.40,1.00
2010.10.15 09:25:09.651,0.72455,0.72485,2.40,1.00
2010.10.15 09:25:16.254,0.72455,0.7249,2.40,2.40
2010.10.15 09:25:21.091,0.72455,0.72485,2.40,1.00
2010.10.15 09:25:22.129,0.72455,0.7249,2.40,2.40
2010.10.15 09:25:22.663,0.72455,0.72485,2.40,1.00
2010.10.15 09:25:58.219,0.72455,0.7249,2.40,2.50
2010.10.15 09:25:59.031,0.72455,0.72485,2.40,2.40
2010.10.15 09:26:00.651,0.72455,0.72485,2.40,2.50
2010.10.15 09:26:00.989,0.72455,0.72485,2.40,2.70
2010.10.15 09:26:11.313,0.72455,0.7248,2.40,1.00
2010.10.15 09:26:11.690,0.7245,0.7248,2.40,2.60
2010.10.15 09:26:12.561,0.7245,0.7248,2.40,2.50
2010.10.15 09:26:13.561,0.7245,0.7248,2.40,2.40
2010.10.15 09:26:13.729,0.7245,0.7248,2.40,2.50
2010.10.15 09:26:14.197,0.7245,0.72475,2.40,1.00
2010.10.15 09:26:14.351,0.72445,0.72475,2.40,1.00
2010.10.15 09:26:27.522,0.72445,0.7248,2.40,2.40
2010.10.15 09:26:29.012,0.72445,0.72475,2.40,1.00
2010.10.15 09:26:29.223,0.72445,0.72475,2.40,2.40
2010.10.15 09:26:29.791,0.72445,0.72475,2.40,2.50
2010.10.15 09:26:34.211,0.72445,0.72475,2.40,2.40
2010.10.15 09:26:40.051,0.72445,0.72475,2.40,2.40
2010.10.15 09:26:41.650,0.72445,0.72475,2.40,2.40
2010.10.15 09:26:42.400,0.72445,0.7247,2.40,1.00
2010.10.15 09:26:43.222,0.72445,0.7248,5.00,1.00
2010.10.15 09:26:43.986,0.72455,0.7248,2.40,1.00
2010.10.15 09:26:45.129,0.72455,0.72485,2.40,2.50
2010.10.15 09:26:45.810,0.72455,0.72485,2.40,2.40
2010.10.15 09:26:47.040,0.72455,0.72485,2.40,1.00
2010.10.15 09:26:49.127,0.72455,0.72485,2.40,2.40
2010.10.15 09:26:54.340,0.72455,0.7248,2.40,1.00
2010.10.15 09:26:55.293,0.72455,0.7248,2.40,1.00
2010.10.15 09:26:55.581,0.72455,0.7248,2.40,1.00
2010.10.15 09:26:59.459,0.72455,0.72485,2.40,2.50
2010.10.15 09:27:00.242,0.72455,0.7248,2.40,1.00
2010.10.15 09:27:03.042,0.7245,0.7248,2.40,1.00
2010.10.15 09:27:03.331,0.7245,0.72475,2.40,1.00
2010.10.15 09:27:04.652,0.7245,0.7248,2.40,1.00
2010.10.15 09:27:07.550,0.7245,0.7248,2.60,1.00
2010.10.15 09:27:08.320,0.7245,0.7248,2.60,2.40
2010.10.15 09:27:09.042,0.7245,0.7248,2.60,2.50
2010.10.15 09:27:09.802,0.7245,0.72475,2.60,1.00
2010.10.15 09:27:09.981,0.7245,0.7248,2.40,2.70
2010.10.15 09:27:10.161,0.7245,0.7248,2.40,5.10
2010.10.15 09:27:10.340,0.7244,0.72475,2.40,2.60
2010.10.15 09:27:10.951,0.7245,0.7248,2.40,1.00
2010.10.15 09:27:11.630,0.7245,0.72485,2.40,2.70
2010.10.15 09:27:11.970,0.7245,0.7248,2.40,1.00
2010.10.15 09:27:14.385,0.72455,0.72485,2.40,2.40
2010.10.15 09:27:15.898,0.72455,0.72485,2.40,2.50
2010.10.15 09:27:16.100,0.72455,0.7248,2.40,1.00
2010.10.15 09:27:20.772,0.7245,0.7248,2.40,2.40
2010.10.15 09:27:20.890,0.7245,0.7248,2.40,2.40
2010.10.15 09:27:21.011,0.72455,0.7248,2.40,1.00
2010.10.15 09:27:21.721,0.72455,0.72485,2.40,2.70
2010.10.15 09:27:25.810,0.72455,0.72485,2.60,2.50
2010.10.15 09:27:26.334,0.72455,0.72485,2.60,1.00
2010.10.15 09:27:26.630,0.72455,0.72485,2.40,1.00
2010.10.15 09:27:27.130,0.72455,0.72485,2.40,1.00
2010.10.15 09:27:28.480,0.72455,0.72485,2.40,2.50
2010.10.15 09:27:29.310,0.72455,0.7248,2.40,1.00
2010.10.15 09:27:30.161,0.72455,0.72485,2.40,2.40
2010.10.15 09:27:30.410,0.72455,0.72485,2.40,2.50
2010.10.15 09:27:34.113,0.7245,0.7248,2.40,2.40
2010.10.15 09:27:34.491,0.7245,0.7248,2.60,2.40
2010.10.15 09:27:35.141,0.72455,0.72485,2.60,2.40
2010.10.15 09:27:37.119,0.72455,0.72485,2.40,2.40
2010.10.15 09:27:40.554,0.72455,0.72485,2.60,2.40
2010.10.15 09:27:40.730,0.72455,0.72485,2.60,2.40
2010.10.15 09:27:40.910,0.7246,0.7249,2.40,2.50
2010.10.15 09:27:41.930,0.7246,0.7249,2.60,2.50
2010.10.15 09:27:44.782,0.72465,0.7249,2.40,1.00
2010.10.15 09:27:44.843,0.72465,0.72495,2.60,2.50
2010.10.15 09:27:44.900,0.72465,0.72495,2.40,2.70
2010.10.15 09:27:45.050,0.7246,0.7249,2.60,2.40
2010.10.15 09:27:46.230,0.7246,0.7249,2.60,2.50
2010.10.15 09:27:47.307,0.7246,0.72485,2.40,2.40
2010.10.15 09:27:47.641,0.7246,0.72485,2.40,1.00
2010.10.15 09:27:47.980,0.7246,0.72485,2.40,1.00
2010.10.15 09:27:48.321,0.72455,0.72485,2.60,2.60
2010.10.15 09:27:49.621,0.72455,0.7248,2.60,1.00
2010.10.15 09:27:49.830,0.72455,0.7248,2.40,1.00
2010.10.15 09:27:50.459,0.72455,0.72485,2.40,2.50
2010.10.15 09:27:52.911,0.72455,0.7248,2.40,1.00
2010.10.15 09:27:53.131,0.72455,0.7248,2.40,1.00
2010.10.15 09:27:54.111,0.7245,0.72475,2.40,1.00
2010.10.15 09:27:54.350,0.72445,0.72475,2.40,1.00
2010.10.15 09:27:55.060,0.72445,0.7247,2.40,1.00
2010.10.15 09:27:56.080,0.7244,0.7247,2.40,1.00
2010.10.15 09:27:56.852,0.7244,0.72465,2.40,1.00
2010.10.15 09:27:59.622,0.72455,0.7248,2.40,1.00
2010.10.15 09:28:00.131,0.72455,0.7248,2.40,1.00
2010.10.15 09:28:00.470,0.72455,0.7248,2.60,1.00
2010.10.15 09:28:02.412,0.72455,0.72485,2.60,2.50
2010.10.15 09:28:02.919,0.72455,0.7248,2.60,1.00
2010.10.15 09:28:03.253,0.7246,0.72485,2.40,2.50
2010.10.15 09:28:04.751,0.7246,0.72485,2.40,2.40
2010.10.15 09:28:06.251,0.7246,0.72485,2.40,2.60
2010.10.15 09:28:06.400,0.72455,0.72485,2.40,2.60
2010.10.15 09:28:06.550,0.72455,0.7248,2.40,1.00
2010.10.15 09:28:06.701,0.7245,0.72475,2.40,2.40
2010.10.15 09:28:07.270,0.72445,0.72475,2.40,2.40
2010.10.15 09:28:07.610,0.72445,0.72475,2.40,2.40
2010.10.15 09:28:07.950,0.72445,0.72475,2.40,1.70
2010.10.15 09:28:08.568,0.7244,0.72475,2.60,2.50
2010.10.15 09:28:08.901,0.72445,0.72475,2.40,2.50
2010.10.15 09:28:10.930,0.72445,0.72475,2.40,2.40
2010.10.15 09:28:11.240,0.72445,0.7247,2.40,1.00
2010.10.15 09:28:11.725,0.7244,0.7247,2.40,2.40
2010.10.15 09:28:12.030,0.72445,0.72475,2.40,2.50
2010.10.15 09:28:13.132,0.72445,0.72475,2.40,1.00
2010.10.15 09:28:13.471,0.7245,0.7248,2.40,2.60
2010.10.15 09:28:13.989,0.7245,0.7248,2.40,2.40
2010.10.15 09:28:14.331,0.7245,0.7248,2.40,1.00
2010.10.15 09:28:18.181,0.7245,0.72485,2.40,2.70
2010.10.15 09:28:20.952,0.72455,0.72485,2.40,1.00
2010.10.15 09:28:21.261,0.72455,0.72485,2.40,1.00
2010.10.15 09:28:21.430,0.7246,0.72485,2.40,1.00
2010.10.15 09:28:21.909,0.7246,0.72485,2.40,1.00
2010.10.15 09:28:23.665,0.7246,0.7249,2.40,2.40
2010.10.15 09:28:24.074,0.7246,0.72485,2.40,1.00
2010.10.15 09:28:24.230,0.7246,0.72485,2.40,1.00
2010.10.15 09:28:24.392,0.72455,0.72485,4.20,2.40
2010.10.15 09:28:24.509,0.7246,0.7249,2.40,2.50
2010.10.15 09:28:26.711,0.7246,0.72485,2.40,1.00
2010.10.15 09:28:27.321,0.72455,0.72485,2.40,1.00
2010.10.15 09:28:27.520,0.72455,0.72485,2.40,1.00
2010.10.15 09:28:30.069,0.72455,0.7249,2.40,2.50
2010.10.15 09:28:30.259,0.7246,0.7249,2.40,2.50
2010.10.15 09:28:31.226,0.7246,0.72485,2.40,1.00
2010.10.15 09:28:32.519,0.7246,0.7249,2.40,2.40
2010.10.15 09:28:32.920,0.7246,0.72485,2.40,1.00
2010.10.15 09:28:33.880,0.7246,0.7249,2.40,3.40
2010.10.15 09:28:34.020,0.7246,0.72485,2.40,1.00
2010.10.15 09:28:35.070,0.7246,0.7249,2.40,3.40
2010.10.15 09:28:35.360,0.7246,0.72485,2.40,1.00
2010.10.15 09:28:36.240,0.72455,0.72485,2.40,2.60
2010.10.15 09:28:36.811,0.7245,0.7248,2.40,2.60
2010.10.15 09:28:37.490,0.7245,0.7248,2.40,2.70
2010.10.15 09:28:38.710,0.7245,0.72475,2.40,1.00
2010.10.15 09:28:40.833,0.7245,0.7248,2.40,2.60
2010.10.15 09:28:51.370,0.7245,0.7248,2.40,2.40
2010.10.15 09:28:51.541,0.7245,0.7248,2.40,1.00
2010.10.15 09:28:56.662,0.7245,0.72485,2.40,3.40
2010.10.15 09:28:57.175,0.7245,0.7248,2.40,1.00
2010.10.15 09:29:04.093,0.7245,0.72485,2.40,3.40
2010.10.15 09:29:10.341,0.7245,0.7248,2.40,2.50
2010.10.15 09:29:10.941,0.7245,0.72485,2.60,2.60
2010.10.15 09:29:11.130,0.7245,0.72485,2.60,2.60
2010.10.15 09:29:11.321,0.7245,0.72485,2.40,2.50
2010.10.15 09:29:11.773,0.7245,0.72485,2.40,2.40
2010.10.15 09:29:14.351,0.7245,0.72485,2.40,2.40
2010.10.15 09:29:15.111,0.7245,0.72485,2.40,2.50
2010.10.15 09:29:18.430,0.7245,0.72485,2.40,1.00
2010.10.15 09:29:18.620,0.7245,0.72485,2.40,2.50
2010.10.15 09:29:18.810,0.7245,0.72485,2.40,1.00
2010.10.15 09:29:19.000,0.7245,0.72485,2.40,2.50
2010.10.15 09:29:25.680,0.7245,0.72485,2.40,1.00
2010.10.15 09:29:25.920,0.72455,0.7249,2.40,2.50
2010.10.15 09:29:26.358,0.72455,0.7249,2.40,2.40
2010.10.15 09:29:26.586,0.72455,0.7249,2.40,2.50
2010.10.15 09:29:26.801,0.72455,0.7249,2.40,2.40
2010.10.15 09:29:28.451,0.72455,0.7249,2.40,2.50
2010.10.15 09:29:30.944,0.7245,0.7249,2.40,2.40
2010.10.15 09:29:31.411,0.7245,0.7249,2.40,2.50
2010.10.15 09:29:32.385,0.7245,0.72485,2.40,2.40
2010.10.15 09:29:32.702,0.7245,0.7249,2.40,2.50
2010.10.15 09:29:33.021,0.7245,0.72485,2.40,2.40
2010.10.15 09:29:33.750,0.7245,0.7249,2.40,2.50
2010.10.15 09:29:34.740,0.7245,0.7248,2.40,2.40
2010.10.15 09:29:36.260,0.7245,0.72485,2.40,2.70
2010.10.15 09:29:37.681,0.7245,0.72485,2.40,2.60
2010.10.15 09:29:38.010,0.7245,0.72485,2.40,2.70
2010.10.15 09:29:42.142,0.7245,0.7248,2.40,1.00
2010.10.15 09:29:42.710,0.7245,0.72485,2.40,2.60
2010.10.15 09:29:43.980,0.7245,0.72485,2.40,2.70
2010.10.15 09:29:52.691,0.7245,0.7248,2.40,1.00
2010.10.15 09:30:02.431,0.7245,0.72485,2.40,2.40
2010.10.15 09:30:04.364,0.7245,0.7248,2.40,1.00
2010.10.15 09:30:05.602,0.7245,0.72485,2.40,2.40
2010.10.15 09:30:05.990,0.7245,0.7248,2.40,1.00
2010.10.15 09:30:07.768,0.7245,0.72485,2.40,2.40
2010.10.15 09:30:46.062,0.7245,0.7248,2.40,2.50
2010.10.15 09:30:49.412,0.7245,0.7248,2.40,2.40
2010.10.15 09:30:52.261,0.72445,0.7248,2.60,2.40
2010.10.15 09:30:52.411,0.72445,0.7248,2.40,2.40
2010.10.15 09:30:52.560,0.7244,0.72475,2.60,2.40
2010.10.15 09:30:52.900,0.72445,0.7248,2.40,2.40
2010.10.15 09:30:53.340,0.72445,0.72475,2.40,1.00
2010.10.15 09:30:54.020,0.7244,0.72475,2.40,1.00
2010.10.15 09:30:54.361,0.72445,0.7248,2.40,2.40
2010.10.15 09:31:00.771,0.72445,0.7248,2.40,2.50
2010.10.15 09:31:04.899,0.7244,0.7248,2.50,2.50
2010.10.15 09:31:06.980,0.7244,0.72475,2.40,1.00
2010.10.15 09:31:07.950,0.7244,0.7248,2.40,2.40
2010.10.15 09:31:09.550,0.7244,0.72475,2.40,1.00
2010.10.15 09:31:12.269,0.7244,0.7248,2.40,2.40
2010.10.15 09:31:13.841,0.7244,0.7248,2.40,2.40
2010.10.15 09:31:13.961,0.7244,0.7248,2.60,2.40
2010.10.15 09:31:14.081,0.7244,0.7248,3.50,2.50
2010.10.15 09:31:14.200,0.7245,0.7248,2.40,1.00
2010.10.15 09:31:18.310,0.7245,0.7248,2.40,1.00
2010.10.15 09:31:25.610,0.7245,0.72485,2.40,2.70
2010.10.15 09:31:26.073,0.72445,0.7248,2.70,2.40
2010.10.15 09:31:26.301,0.72445,0.7248,2.40,2.40
2010.10.15 09:31:27.669,0.72445,0.7248,2.40,2.50
2010.10.15 09:31:30.551,0.72445,0.7248,2.40,2.40
2010.10.15 09:31:31.580,0.72445,0.72475,2.40,1.00
2010.10.15 09:31:35.839,0.7244,0.72475,2.40,2.50
2010.10.15 09:31:37.781,0.72445,0.72475,2.40,2.40
2010.10.15 09:31:39.371,0.72445,0.72475,2.60,2.40
2010.10.15 09:31:39.622,0.72445,0.72475,2.60,2.40
2010.10.15 09:31:40.390,0.72445,0.72475,2.60,2.50
2010.10.15 09:31:40.846,0.72445,0.72475,1.00,2.50
2010.10.15 09:31:41.061,0.72445,0.7247,2.60,1.00
2010.10.15 09:31:41.281,0.72455,0.7248,2.40,2.40
2010.10.15 09:31:42.410,0.72455,0.72475,2.40,1.00
2010.10.15 09:31:43.421,0.72455,0.7248,2.40,2.60
2010.10.15 09:31:44.831,0.72455,0.7248,2.60,2.40
2010.10.15 09:31:46.483,0.72445,0.7248,3.40,2.50
2010.10.15 09:31:46.780,0.72445,0.7248,2.60,2.50
2010.10.15 09:31:47.541,0.72445,0.7248,2.60,2.40
2010.10.15 09:31:47.849,0.72445,0.72475,2.60,1.00
2010.10.15 09:31:48.093,0.72445,0.7248,2.40,2.70
2010.10.15 09:31:48.344,0.72445,0.72475,2.60,1.00
2010.10.15 09:31:49.011,0.72455,0.7248,2.40,2.40
2010.10.15 09:31:50.030,0.72455,0.7248,2.40,2.50
2010.10.15 09:31:50.733,0.72455,0.72475,2.40,1.00
2010.10.15 09:31:51.025,0.7245,0.7248,2.40,2.50
2010.10.15 09:31:51.163,0.7245,0.7248,2.60,2.50
2010.10.15 09:31:51.600,0.72455,0.7248,2.60,2.50
2010.10.15 09:31:53.015,0.72455,0.72475,2.40,1.00
2010.10.15 09:31:53.351,0.7245,0.72475,2.60,1.00
2010.10.15 09:31:54.213,0.7245,0.72475,2.60,1.00
2010.10.15 09:31:55.491,0.7245,0.7248,2.60,2.70
2010.10.15 09:31:58.510,0.7245,0.7248,2.60,2.60
2010.10.15 09:31:59.952,0.7245,0.72475,2.60,1.00
2010.10.15 09:32:01.621,0.7245,0.7248,2.60,2.60
2010.10.15 09:32:01.961,0.7245,0.7248,2.60,2.70
2010.10.15 09:32:02.301,0.7245,0.72475,2.60,1.00
2010.10.15 09:32:03.900,0.7245,0.7248,2.60,2.60
2010.10.15 09:32:05.264,0.7245,0.72475,3.40,1.00
2010.10.15 09:32:07.360,0.7245,0.7248,3.40,2.40
2010.10.15 09:32:11.351,0.72455,0.7248,2.40,2.40
2010.10.15 09:32:11.521,0.72455,0.7248,2.40,2.40
2010.10.15 09:32:13.430,0.72455,0.7248,2.40,2.40
2010.10.15 09:32:14.102,0.7245,0.7248,3.40,2.50
2010.10.15 09:32:14.332,0.7245,0.7248,3.40,2.40
2010.10.15 09:32:16.551,0.72455,0.7248,1.00,2.40
2010.10.15 09:32:16.750,0.72455,0.7248,1.00,2.40
2010.10.15 09:32:18.511,0.7245,0.72475,3.40,1.00
2010.10.15 09:32:18.700,0.7245,0.72475,3.40,2.40
2010.10.15 09:32:19.237,0.7245,0.72475,3.40,1.00
2010.10.15 09:32:23.622,0.7244,0.7247,2.40,2.40
2010.10.15 09:32:27.541,0.72455,0.7248,2.60,1.00
2010.10.15 09:32:28.252,0.72455,0.7248,2.60,1.00
2010.10.15 09:32:28.736,0.72455,0.7248,3.40,1.00
2010.10.15 09:32:29.550,0.72455,0.7248,3.40,1.00
2010.10.15 09:32:32.935,0.72455,0.7248,1.00,1.00
2010.10.15 09:32:33.103,0.72465,0.7249,1.00,2.40
2010.10.15 09:32:33.272,0.72465,0.7249,2.60,2.40
2010.10.15 09:32:33.894,0.72465,0.7249,3.40,2.40
2010.10.15 09:32:34.066,0.7247,0.72495,3.40,2.40
2010.10.15 09:32:35.384,0.7247,0.72495,2.40,2.60
2010.10.15 09:32:35.685,0.7246,0.7249,2.60,2.40
2010.10.15 09:32:35.982,0.7246,0.7249,2.40,2.40
2010.10.15 09:32:37.214,0.7246,0.7249,2.40,2.50
2010.10.15 09:32:38.816,0.7246,0.72485,2.40,2.40
2010.10.15 09:32:39.124,0.72455,0.72485,2.40,2.40
2010.10.15 09:32:41.954,0.72455,0.72485,2.60,2.40
2010.10.15 09:32:43.634,0.72455,0.72485,2.60,2.40
2010.10.15 09:32:43.898,0.72455,0.72485,2.60,2.40
2010.10.15 09:32:44.094,0.72455,0.72485,2.60,2.50
2010.10.15 09:32:44.877,0.72455,0.72485,2.60,2.40
2010.10.15 09:32:50.021,0.72455,0.72485,2.60,2.50
2010.10.15 09:32:53.125,0.72455,0.72485,2.60,2.40
2010.10.15 09:32:53.172,0.7246,0.72485,1.00,2.40
2010.10.15 09:32:53.761,0.72465,0.7249,2.40,2.40
2010.10.15 09:32:54.102,0.72465,0.7249,3.40,2.40
2010.10.15 09:32:55.363,0.72465,0.72495,3.40,2.40
2010.10.15 09:32:55.788,0.72465,0.72495,3.40,2.50
2010.10.15 09:32:56.041,0.72465,0.72495,2.60,2.70
2010.10.15 09:32:56.302,0.72465,0.7249,2.60,2.40
2010.10.15 09:32:57.062,0.72465,0.7249,2.60,2.50
2010.10.15 09:32:57.402,0.72465,0.7249,2.60,2.40
2010.10.15 09:32:58.012,0.72465,0.7249,2.60,2.40
2010.10.15 09:32:58.152,0.72465,0.7249,2.60,2.40
2010.10.15 09:33:01.199,0.72465,0.7249,2.40,3.40
2010.10.15 09:33:01.430,0.7245,0.72485,2.40,2.50
2010.10.15 09:33:01.871,0.7245,0.72485,2.40,2.40
2010.10.15 09:33:02.538,0.7245,0.72485,2.40,2.60
2010.10.15 09:33:03.291,0.7245,0.72485,2.40,2.70
2010.10.15 09:33:05.312,0.7245,0.72485,2.60,2.50
2010.10.15 09:33:05.391,0.72455,0.72485,2.40,1.00
2010.10.15 09:33:05.471,0.7245,0.72485,2.40,2.70
2010.10.15 09:33:05.892,0.7245,0.72485,2.40,2.60
2010.10.15 09:33:06.733,0.7245,0.72485,2.40,2.70
2010.10.15 09:33:07.381,0.7245,0.7248,2.40,1.00
2010.10.15 09:33:11.013,0.7245,0.72485,2.40,2.40
2010.10.15 09:33:11.172,0.7245,0.72485,2.60,2.40
2010.10.15 09:33:11.203,0.72455,0.72485,2.40,2.40
2010.10.15 09:33:12.171,0.72455,0.72485,2.40,2.60
2010.10.15 09:33:13.461,0.72455,0.72485,2.40,2.70
2010.10.15 09:33:13.960,0.72455,0.72485,2.40,2.50
2010.10.15 09:33:29.391,0.72455,0.72485,2.40,2.70
2010.10.15 09:33:29.551,0.7245,0.72485,2.40,2.70
2010.10.15 09:33:30.051,0.7245,0.72485,2.40,2.60
2010.10.15 09:33:30.501,0.7245,0.72485,2.40,2.40
2010.10.15 09:33:31.841,0.72455,0.72485,1.00,2.40
2010.10.15 09:33:32.022,0.7246,0.72485,2.40,1.00
2010.10.15 09:33:32.847,0.7246,0.7249,2.40,2.60
2010.10.15 09:33:33.781,0.7246,0.7249,2.40,2.70
2010.10.15 09:33:38.182,0.7246,0.72485,2.40,1.00
2010.10.15 09:33:38.366,0.7246,0.7249,2.40,2.60
2010.10.15 09:33:38.662,0.7246,0.72485,2.40,1.00
2010.10.15 09:33:42.482,0.7246,0.72485,2.40,1.00
2010.10.15 09:33:43.016,0.72455,0.72485,2.40,2.60
2010.10.15 09:33:43.346,0.7245,0.7248,2.60,1.00
2010.10.15 09:33:43.673,0.7245,0.72485,2.60,2.60
2010.10.15 09:33:44.724,0.7245,0.72485,2.40,2.60
2010.10.15 09:33:45.967,0.7245,0.72485,2.40,2.40
2010.10.15 09:33:46.275,0.7246,0.7249,2.40,2.50
2010.10.15 09:33:47.602,0.72455,0.72485,2.60,2.40
2010.10.15 09:33:47.634,0.7246,0.7249,2.40,2.70
2010.10.15 09:33:49.506,0.7246,0.7249,2.40,2.60
2010.10.15 09:33:52.443,0.7246,0.72485,2.40,1.00
2010.10.15 09:33:53.031,0.72455,0.72485,2.40,2.60
2010.10.15 09:33:53.234,0.72455,0.72485,2.40,2.60
2010.10.15 09:33:53.882,0.72455,0.72485,2.40,2.60
2010.10.15 09:34:07.992,0.72455,0.72485,2.40,2.60
2010.10.15 09:34:08.172,0.72455,0.72485,2.40,2.60
2010.10.15 09:34:15.053,0.72455,0.72485,2.40,2.40
2010.10.15 09:34:15.692,0.72455,0.72485,2.40,2.40
2010.10.15 09:34:18.813,0.72455,0.72485,2.40,2.40
2010.10.15 09:34:21.191,0.72445,0.7248,2.60,2.40
2010.10.15 09:34:21.972,0.72445,0.7248,2.60,2.50
2010.10.15 09:34:22.652,0.72445,0.7248,2.60,2.40
2010.10.15 09:34:23.453,0.72445,0.7248,2.70,2.40
2010.10.15 09:34:25.043,0.72445,0.7248,2.60,2.40
2010.10.15 09:34:25.315,0.72445,0.7248,2.60,2.50
2010.10.15 09:34:27.984,0.72445,0.7248,2.60,2.40
2010.10.15 09:34:28.571,0.72445,0.7248,2.60,2.40
2010.10.15 09:34:29.693,0.72445,0.7248,2.60,2.40
2010.10.15 09:34:29.854,0.72445,0.7248,2.60,2.40
2010.10.15 09:34:30.071,0.72445,0.7248,2.60,2.40
2010.10.15 09:34:31.961,0.72445,0.7248,2.60,2.40
2010.10.15 09:34:34.445,0.72455,0.7248,1.00,2.40
2010.10.15 09:34:34.712,0.72455,0.72485,2.60,2.50
2010.10.15 09:34:35.172,0.72455,0.72485,2.40,2.70
2010.10.15 09:34:35.307,0.7245,0.72485,2.40,2.60
2010.10.15 09:34:36.512,0.7245,0.72485,2.40,2.70
2010.10.15 09:34:36.772,0.7245,0.72485,2.40,2.50
2010.10.15 09:34:39.161,0.7245,0.72485,2.40,2.70
2010.10.15 09:34:40.329,0.7245,0.72485,2.60,2.40
2010.10.15 09:34:40.668,0.7246,0.7249,2.40,2.50
2010.10.15 09:34:40.914,0.7246,0.7249,2.40,2.40
2010.10.15 09:34:41.814,0.7246,0.7249,2.40,2.60
2010.10.15 09:34:44.167,0.7246,0.72485,2.40,1.00
2010.10.15 09:34:44.372,0.7246,0.7249,2.40,2.60
2010.10.15 09:34:44.582,0.7246,0.7249,2.40,2.60
2010.10.15 09:34:46.944,0.7246,0.7249,2.40,2.60
2010.10.15 09:34:49.696,0.7246,0.72485,2.40,1.00
2010.10.15 09:34:49.821,0.7246,0.72485,2.40,1.00
2010.10.15 09:34:49.882,0.7246,0.72485,2.40,1.00
2010.10.15 09:34:49.942,0.72455,0.72485,2.40,3.50
2010.10.15 09:34:50.413,0.72455,0.72485,2.40,3.40
2010.10.15 09:34:50.652,0.72455,0.72485,2.40,2.60
2010.10.15 09:34:53.115,0.72455,0.72485,2.40,2.60
2010.10.15 09:34:59.732,0.72455,0.72485,2.40,2.70
2010.10.15 09:35:00.001,0.72455,0.72485,2.40,2.50
2010.10.15 09:35:00.921,0.72455,0.72485,2.40,2.40
2010.10.15 09:35:01.161,0.72455,0.72485,2.40,2.60
2010.10.15 09:35:04.105,0.72455,0.72485,2.40,2.40
2010.10.15 09:35:07.976,0.72455,0.72485,2.40,2.40
2010.10.15 09:35:08.553,0.72455,0.72485,2.40,2.40
2010.10.15 09:35:08.745,0.72455,0.7249,2.40,2.60
2010.10.15 09:35:13.544,0.72455,0.7249,2.40,2.60
2010.10.15 09:35:20.204,0.72455,0.7249,2.40,3.40
2010.10.15 09:35:25.272,0.72455,0.72485,2.40,1.00
2010.10.15 09:35:25.442,0.72455,0.72485,2.40,1.00
2010.10.15 09:35:25.613,0.7246,0.72485,2.40,2.60
2010.10.15 09:35:26.028,0.7246,0.7248,2.40,1.00
2010.10.15 09:35:26.202,0.7245,0.72475,2.40,1.00
2010.10.15 09:35:26.372,0.72445,0.72475,2.60,2.60
2010.10.15 09:35:27.183,0.72445,0.72475,2.40,2.40
2010.10.15 09:35:42.772,0.72445,0.72475,2.50,2.40
2010.10.15 09:35:43.299,0.72445,0.7248,2.40,3.40
2010.10.15 09:35:43.793,0.72445,0.7248,2.40,3.40
2010.10.15 09:35:44.753,0.72445,0.72475,2.40,1.00
2010.10.15 09:35:45.559,0.72445,0.7248,2.40,3.40
2010.10.15 09:35:46.464,0.72445,0.72475,2.40,2.50
2010.10.15 09:35:46.753,0.72445,0.72475,2.40,2.40
2010.10.15 09:35:48.957,0.72445,0.72475,2.40,2.40
2010.10.15 09:35:49.225,0.72445,0.72475,2.40,2.40
2010.10.15 09:35:49.485,0.72445,0.72475,2.40,2.50
2010.10.15 09:35:50.722,0.72445,0.72475,2.40,2.40
2010.10.15 09:35:58.005,0.72445,0.72475,2.40,2.50
2010.10.15 09:35:59.268,0.72445,0.72475,2.40,2.40
2010.10.15 09:36:00.613,0.72445,0.72475,2.40,2.40
2010.10.15 09:36:11.493,0.72445,0.72475,2.40,2.40
2010.10.15 09:36:11.833,0.72445,0.72475,2.40,2.40
2010.10.15 09:36:12.173,0.72445,0.72475,2.40,2.40
2010.10.15 09:36:12.983,0.72445,0.72475,2.40,2.40
2010.10.15 09:36:21.803,0.72445,0.72475,2.40,2.50
2010.10.15 09:36:22.454,0.72445,0.72475,2.40,2.40
2010.10.15 09:36:23.302,0.72445,0.72475,2.40,2.50
2010.10.15 09:36:23.791,0.72445,0.72475,2.40,2.40
2010.10.15 09:36:27.483,0.72435,0.72465,2.40,2.40
2010.10.15 09:36:27.744,0.72435,0.7246,2.40,2.40
2010.10.15 09:36:28.263,0.72425,0.72455,2.40,2.40
2010.10.15 09:36:28.832,0.72425,0.72455,2.40,2.50
2010.10.15 09:36:29.432,0.72425,0.72455,2.40,2.40
2010.10.15 09:36:30.422,0.72425,0.72455,2.40,2.40
2010.10.15 09:36:31.202,0.72425,0.72455,2.40,2.40
2010.10.15 09:36:31.682,0.72425,0.72455,2.40,2.50
2010.10.15 09:36:32.524,0.72425,0.72455,2.40,2.40
2010.10.15 09:36:34.061,0.72425,0.72455,2.40,2.60
2010.10.15 09:36:34.243,0.72425,0.72455,2.40,2.40
2010.10.15 09:36:34.823,0.72425,0.72455,2.40,2.40
2010.10.15 09:36:39.933,0.72425,0.72455,2.40,2.60
2010.10.15 09:36:40.113,0.7242,0.7245,2.40,1.00
2010.10.15 09:36:40.643,0.7242,0.7245,2.40,2.60
2010.10.15 09:36:42.273,0.7242,0.7245,2.40,2.70
2010.10.15 09:36:48.773,0.7242,0.72445,2.40,1.00
2010.10.15 09:36:50.429,0.7242,0.7245,2.40,2.70
2010.10.15 09:37:23.934,0.72425,0.72455,2.40,2.60
2010.10.15 09:37:24.683,0.72425,0.72455,2.60,2.60
2010.10.15 09:37:25.283,0.72425,0.72455,2.40,3.40
2010.10.15 09:37:25.583,0.72425,0.72455,2.40,3.50
2010.10.15 09:37:43.131,0.72445,0.7247,2.40,2.60
2010.10.15 09:37:43.322,0.72445,0.7247,2.40,2.60
2010.10.15 09:37:44.534,0.7244,0.72465,2.60,2.40
2010.10.15 09:37:45.824,0.7244,0.72465,2.60,2.40
2010.10.15 09:37:47.053,0.7244,0.72465,2.60,2.40
2010.10.15 09:37:47.687,0.7243,0.7246,3.40,2.60
2010.10.15 09:37:47.959,0.7243,0.72455,2.40,2.40
2010.10.15 09:37:49.442,0.7243,0.72455,2.40,2.60
2010.10.15 09:37:54.375,0.7243,0.72455,2.40,2.70
2010.10.15 09:37:57.920,0.7243,0.7245,2.40,1.00
2010.10.15 09:37:58.342,0.72425,0.7245,3.40,1.00
2010.10.15 09:37:59.283,0.72425,0.7245,1.00,2.50
2010.10.15 09:37:59.623,0.7242,0.7245,2.60,2.50
2010.10.15 09:38:00.716,0.72425,0.72455,3.40,2.50
2010.10.15 09:38:01.825,0.72425,0.72455,3.40,2.40
2010.10.15 09:38:02.663,0.72425,0.72455,3.40,4.00
2010.10.15 09:38:02.901,0.72425,0.72455,2.40,5.00
2010.10.15 09:38:03.141,0.72425,0.7245,2.60,1.00
2010.10.15 09:38:09.910,0.72425,0.7245,2.60,2.60
2010.10.15 09:38:11.092,0.72425,0.7245,2.60,1.00
2010.10.15 09:38:12.093,0.72425,0.7245,2.60,2.60
2010.10.15 09:38:18.390,0.72425,0.7244,1.00,2.40
2010.10.15 09:38:18.735,0.7241,0.7244,2.40,3.40
2010.10.15 09:38:20.252,0.7241,0.7244,2.40,3.50
2010.10.15 09:38:20.443,0.7241,0.7244,2.40,3.40
2010.10.15 09:38:20.633,0.7241,0.7244,2.40,3.50
2010.10.15 09:38:21.233,0.7241,0.7244,2.40,3.40
2010.10.15 09:38:21.572,0.7241,0.7244,2.40,3.50
2010.10.15 09:38:21.913,0.7241,0.7244,2.40,3.40
2010.10.15 09:38:22.363,0.7241,0.7244,2.40,3.50
2010.10.15 09:38:34.023,0.72405,0.72435,2.60,2.50
2010.10.15 09:38:34.362,0.72405,0.72435,2.60,2.40
2010.10.15 09:38:34.962,0.72405,0.72435,2.40,2.40
2010.10.15 09:38:36.193,0.7241,0.7244,2.40,2.70
2010.10.15 09:38:53.221,0.7241,0.7244,2.40,3.50
2010.10.15 09:38:55.362,0.7241,0.7244,2.40,3.40
2010.10.15 09:38:56.453,0.7241,0.7244,2.40,3.50
2010.10.15 09:38:57.293,0.7241,0.7244,2.40,3.40
2010.10.15 09:38:58.378,0.7241,0.7244,2.40,3.50
2010.10.15 09:38:58.502,0.72405,0.72435,3.40,2.40
2010.10.15 09:38:58.622,0.7241,0.7244,2.40,3.50
2010.10.15 09:38:59.112,0.7241,0.7244,2.40,3.40
2010.10.15 09:39:06.811,0.7241,0.7244,2.40,3.50
2010.10.15 09:39:07.334,0.7241,0.7244,2.40,3.40
2010.10.15 09:39:07.675,0.7241,0.7244,2.40,3.40
2010.10.15 09:39:08.390,0.7241,0.7244,2.40,3.50
2010.10.15 09:39:08.691,0.7241,0.7244,2.40,3.40
2010.10.15 09:39:08.983,0.7241,0.7244,2.40,3.40
2010.10.15 09:39:34.903,0.7241,0.7244,3.40,2.40
2010.10.15 09:39:35.122,0.7242,0.72445,2.40,2.60
2010.10.15 09:40:47.643,0.72415,0.7244,3.40,2.40
2010.10.15 09:40:48.323,0.7242,0.72445,2.40,2.60
2010.10.15 09:41:34.220,0.72425,0.72445,2.40,1.00
2010.10.15 09:41:34.280,0.72425,0.7245,2.40,2.70
2010.10.15 09:41:34.316,0.72425,0.7245,2.40,2.60
2010.10.15 09:41:34.435,0.7242,0.7245,2.60,2.60
2010.10.15 09:41:34.803,0.7242,0.72445,2.60,2.40
2010.10.15 09:41:35.233,0.7242,0.72445,2.40,2.60
2010.10.15 09:41:55.747,0.7242,0.72445,2.60,2.40
2010.10.15 09:41:56.404,0.7242,0.7245,2.60,2.70
2010.10.15 09:41:56.553,0.7242,0.72445,2.40,1.00
2010.10.15 09:41:56.774,0.7242,0.72445,2.40,2.70
2010.10.15 09:41:57.213,0.7242,0.72445,2.40,2.60
2010.10.15 09:41:58.125,0.7242,0.72445,2.40,2.70
2010.10.15 09:41:59.325,0.7242,0.72445,2.40,2.60
2010.10.15 09:42:02.712,0.72415,0.72445,3.40,2.60
2010.10.15 09:42:02.832,0.72415,0.72445,3.40,2.70
2010.10.15 09:42:02.952,0.7242,0.72445,2.40,2.70
2010.10.15 09:42:03.445,0.72415,0.72445,3.40,2.70
2010.10.15 09:42:03.784,0.72415,0.72445,3.40,2.60
2010.10.15 09:42:04.123,0.72415,0.72445,3.40,2.60
2010.10.15 09:42:04.464,0.7242,0.72445,2.40,2.60
2010.10.15 09:42:32.417,0.7242,0.72445,2.40,2.60
2010.10.15 09:42:35.966,0.7242,0.72445,2.40,2.60
2010.10.15 09:42:39.995,0.7242,0.72445,2.40,2.60
2010.10.15 09:42:40.766,0.7242,0.72445,2.40,2.60
2010.10.15 09:42:41.064,0.72425,0.7245,2.40,2.60
2010.10.15 09:42:42.158,0.72425,0.72445,2.40,1.00
2010.10.15 09:42:42.373,0.7242,0.72445,2.40,2.60
2010.10.15 09:42:45.524,0.7242,0.72445,2.40,2.60
2010.10.15 09:42:46.026,0.7242,0.72445,2.40,2.60
2010.10.15 09:42:46.283,0.7242,0.72445,2.40,2.60
2010.10.15 09:42:46.533,0.7242,0.72445,2.40,2.60
2010.10.15 09:42:46.989,0.7242,0.72445,2.40,2.60
2010.10.15 09:42:47.832,0.7242,0.72445,2.40,2.60
2010.10.15 09:42:51.303,0.7242,0.72445,2.40,2.60
2010.10.15 09:42:52.023,0.7242,0.72445,2.40,2.60
2010.10.15 09:42:59.563,0.7242,0.72445,2.40,2.60
2010.10.15 09:43:01.901,0.7242,0.72445,2.40,2.60
2010.10.15 09:43:24.117,0.7242,0.72445,2.40,2.60
2010.10.15 09:43:24.380,0.7242,0.72445,2.40,2.60
2010.10.15 09:43:24.885,0.7242,0.72445,2.40,2.70
2010.10.15 09:43:25.665,0.7242,0.72445,2.40,2.60
2010.10.15 09:43:28.446,0.7242,0.72445,2.40,2.60
2010.10.15 09:43:30.775,0.7242,0.72445,2.40,2.60
2010.10.15 09:43:31.034,0.7242,0.72445,2.40,2.60
2010.10.15 09:43:31.436,0.7242,0.72445,2.40,2.70
2010.10.15 09:43:31.774,0.7242,0.72445,2.40,2.60
2010.10.15 09:43:34.131,0.7242,0.72445,2.40,2.60
2010.10.15 09:43:35.505,0.7242,0.72445,2.40,2.60
2010.10.15 09:43:37.380,0.7242,0.72445,2.40,2.60
2010.10.15 09:43:40.109,0.7242,0.72445,2.40,2.60
2010.10.15 09:43:41.798,0.7242,0.72445,2.40,2.70
2010.10.15 09:43:42.385,0.7242,0.72445,2.40,2.60
2010.10.15 09:43:43.262,0.7242,0.72445,2.40,2.60
2010.10.15 09:43:44.031,0.72415,0.7244,3.40,1.00
2010.10.15 09:43:46.523,0.72415,0.72445,2.40,3.50
2010.10.15 09:43:46.752,0.72415,0.72445,2.60,3.50
2010.10.15 09:43:47.235,0.72415,0.72445,2.60,3.40
2010.10.15 09:43:55.822,0.7242,0.72445,2.40,2.60
2010.10.15 09:43:55.995,0.7242,0.72445,2.40,2.60
2010.10.15 09:43:57.591,0.7242,0.72445,2.40,2.60
2010.10.15 09:43:58.472,0.7242,0.72445,2.40,2.60
2010.10.15 09:44:00.350,0.7242,0.72445,2.40,2.60
2010.10.15 09:44:02.823,0.7242,0.72445,2.40,2.60
2010.10.15 09:44:03.888,0.7242,0.72445,2.40,2.60
2010.10.15 09:44:04.173,0.7242,0.72445,2.40,2.60
2010.10.15 09:44:05.116,0.72425,0.7245,2.40,2.60
2010.10.15 09:44:06.479,0.72425,0.7245,2.40,3.40
2010.10.15 09:44:06.813,0.7242,0.72445,2.40,2.60
2010.10.15 09:44:08.962,0.72425,0.7245,2.40,4.30
2010.10.15 09:44:09.143,0.72425,0.7245,2.40,2.60
2010.10.15 09:44:09.882,0.72425,0.7245,2.40,4.20
2010.10.15 09:44:10.662,0.72425,0.7245,2.40,5.00
2010.10.15 09:44:10.904,0.7243,0.7246,2.60,3.40
2010.10.15 09:44:11.512,0.7243,0.72455,2.40,1.00
2010.10.15 09:44:11.712,0.7243,0.72455,2.40,2.60
2010.10.15 09:44:15.233,0.7243,0.72455,2.40,2.60
2010.10.15 09:44:15.524,0.7243,0.72455,2.40,2.60
2010.10.15 09:44:18.046,0.7243,0.72455,2.60,2.40
2010.10.15 09:44:18.250,0.7243,0.7246,2.60,2.70
2010.10.15 09:44:19.113,0.7243,0.72455,2.40,1.00
2010.10.15 09:44:19.567,0.7243,0.72455,2.40,2.60
2010.10.15 09:44:20.342,0.7243,0.72455,2.60,2.40
2010.10.15 09:44:21.185,0.7243,0.7247,2.40,2.60
2010.10.15 09:44:21.784,0.7243,0.7246,2.40,1.00
2010.10.15 09:44:22.312,0.72425,0.7246,2.40,1.00
2010.10.15 09:44:22.656,0.7242,0.72455,2.40,1.00
2010.10.15 09:44:23.334,0.7242,0.72455,2.40,2.60
2010.10.15 09:44:24.127,0.7242,0.72455,2.40,2.60
2010.10.15 09:44:25.483,0.7242,0.7246,2.50,2.70
2010.10.15 09:44:27.583,0.7243,0.7246,2.40,2.40
2010.10.15 09:44:28.707,0.72435,0.7246,2.40,1.00
2010.10.15 09:44:28.983,0.7243,0.7246,2.40,2.70
2010.10.15 09:44:29.426,0.7243,0.7246,2.60,2.50
2010.10.15 09:44:29.704,0.72435,0.72465,2.60,1.00
2010.10.15 09:44:29.922,0.72435,0.7247,2.40,2.50
2010.10.15 09:44:30.582,0.72435,0.72465,2.40,1.00
2010.10.15 09:44:30.803,0.72435,0.72465,2.40,1.00
2010.10.15 09:44:30.963,0.7243,0.7246,2.60,2.40
2010.10.15 09:44:31.122,0.7243,0.7246,2.40,2.40
2010.10.15 09:44:31.755,0.7243,0.7246,2.40,2.60
2010.10.15 09:44:31.916,0.72425,0.72455,2.40,2.60
2010.10.15 09:44:32.104,0.72425,0.72455,2.60,2.40
2010.10.15 09:44:32.296,0.7243,0.7246,2.40,2.60
2010.10.15 09:44:32.485,0.72425,0.72455,2.40,2.60
2010.10.15 09:44:33.062,0.72425,0.72455,2.60,2.40
2010.10.15 09:44:33.366,0.72435,0.72465,2.60,2.50
2010.10.15 09:44:33.663,0.7244,0.72465,2.40,1.00
2010.10.15 09:44:34.713,0.72435,0.72465,2.40,2.70
2010.10.15 09:44:34.916,0.7244,0.7247,2.40,2.70
2010.10.15 09:44:35.116,0.72435,0.72465,2.40,2.60
2010.10.15 09:44:35.313,0.72435,0.72465,2.40,2.70
2010.10.15 09:44:36.249,0.7244,0.7247,2.40,2.70
2010.10.15 09:44:36.576,0.72435,0.72465,2.40,2.60
2010.10.15 09:44:36.905,0.72435,0.72465,2.40,2.70
2010.10.15 09:44:37.652,0.7244,0.72465,2.40,1.00
2010.10.15 09:44:37.996,0.7244,0.72465,2.40,1.00
2010.10.15 09:44:38.154,0.72435,0.72465,2.40,2.60
2010.10.15 09:44:53.200,0.72435,0.7246,2.40,1.00
2010.10.15 09:44:53.563,0.7243,0.72455,2.40,2.60
2010.10.15 09:44:53.743,0.72425,0.7245,2.60,2.40
2010.10.15 09:44:53.923,0.72415,0.7245,3.40,2.60
2010.10.15 09:44:54.683,0.72415,0.7245,2.60,2.60
2010.10.15 09:44:55.003,0.72415,0.7245,2.60,2.70
2010.10.15 09:44:55.643,0.72425,0.7245,2.40,3.40
2010.10.15 09:44:56.394,0.72415,0.7245,3.40,3.40
2010.10.15 09:44:58.167,0.72415,0.7245,2.60,2.70
2010.10.15 09:44:58.466,0.72415,0.7245,2.60,2.50
2010.10.15 09:44:59.883,0.72415,0.7245,2.60,2.40
2010.10.15 09:45:00.633,0.72415,0.7245,2.60,2.60
2010.10.15 09:45:04.432,0.72415,0.7245,2.60,2.60
2010.10.15 09:45:05.145,0.72415,0.7245,2.60,2.60
2010.10.15 09:45:08.972,0.72415,0.7245,2.60,2.60
2010.10.15 09:45:09.594,0.72415,0.7245,2.60,2.70
2010.10.15 09:45:10.856,0.72415,0.7245,2.60,2.60
2010.10.15 09:45:11.774,0.72415,0.7245,2.60,2.60
2010.10.15 09:45:12.533,0.72415,0.7245,2.60,2.40
2010.10.15 09:45:13.493,0.72415,0.7245,2.60,2.50
2010.10.15 09:45:15.325,0.72415,0.7245,2.60,2.40
2010.10.15 09:45:16.169,0.72415,0.72445,2.60,2.40
2010.10.15 09:45:16.372,0.72415,0.72445,2.40,2.40
2010.10.15 09:45:16.576,0.7242,0.7245,2.40,4.20
2010.10.15 09:45:16.916,0.7243,0.7246,2.40,2.70
2010.10.15 09:45:17.328,0.7243,0.7246,2.40,1.00
2010.10.15 09:45:17.666,0.7243,0.7246,2.40,2.40
2010.10.15 09:45:21.473,0.7243,0.7246,2.40,2.40
2010.10.15 09:45:23.382,0.7243,0.7246,2.40,2.60
2010.10.15 09:45:24.004,0.7243,0.7246,2.40,2.60
2010.10.15 09:45:25.351,0.7243,0.7246,2.40,2.70
2010.10.15 09:45:26.067,0.7243,0.7246,2.40,2.60
2010.10.15 09:45:26.376,0.7243,0.7246,2.40,2.60
2010.10.15 09:45:28.163,0.72425,0.7246,2.40,2.60
2010.10.15 09:45:29.253,0.72425,0.7246,2.40,2.70
2010.10.15 09:45:33.670,0.7243,0.7246,2.40,2.60
2010.10.15 09:45:34.777,0.7243,0.7246,2.40,3.40
2010.10.15 09:45:35.117,0.72425,0.7246,2.50,2.60
2010.10.15 09:45:35.847,0.72425,0.7246,2.40,2.60
2010.10.15 09:45:46.035,0.7241,0.7244,2.40,2.40
2010.10.15 09:45:48.207,0.7241,0.7244,2.50,2.40
2010.10.15 09:45:48.365,0.7241,0.7244,2.40,2.40
2010.10.15 09:45:58.996,0.7241,0.72435,2.40,1.00
2010.10.15 09:45:59.373,0.72415,0.72435,1.00,4.00
2010.10.15 09:45:59.844,0.72415,0.7244,2.60,2.40
2010.10.15 09:46:00.008,0.7241,0.7244,2.60,2.40
2010.10.15 09:46:00.164,0.7241,0.7244,2.60,2.40
2010.10.15 09:46:02.214,0.72415,0.7245,2.60,2.70
2010.10.15 09:46:02.533,0.72415,0.7245,2.40,3.50
2010.10.15 09:46:03.147,0.72415,0.7245,2.40,2.70
2010.10.15 09:46:03.488,0.72415,0.7245,2.40,2.60
2010.10.15 09:46:04.536,0.7241,0.7245,2.40,2.60
2010.10.15 09:46:19.971,0.72415,0.7245,2.40,2.60
2010.10.15 09:46:20.945,0.72415,0.7245,2.60,2.40
2010.10.15 09:46:21.237,0.7242,0.72455,2.40,2.40
2010.10.15 09:46:21.920,0.7242,0.72455,2.40,2.60
2010.10.15 09:46:22.086,0.7241,0.7245,2.40,2.60
2010.10.15 09:46:23.507,0.72415,0.7245,2.40,2.60
2010.10.15 09:46:24.366,0.72415,0.7245,2.40,2.60
2010.10.15 09:46:25.064,0.7241,0.7245,2.50,2.60
2010.10.15 09:46:25.274,0.7241,0.7245,2.40,2.70
2010.10.15 09:46:25.926,0.72415,0.7245,2.40,2.70
2010.10.15 09:46:26.264,0.72415,0.7245,2.40,2.60
2010.10.15 09:46:31.728,0.72415,0.7245,2.40,2.70
2010.10.15 09:46:36.788,0.72415,0.7245,2.40,2.60
2010.10.15 09:46:37.164,0.72415,0.72445,2.40,1.00
2010.10.15 09:46:37.894,0.7241,0.7244,2.40,2.40
2010.10.15 09:46:40.713,0.7241,0.7244,2.50,2.40
2010.10.15 09:46:42.203,0.72415,0.72445,2.40,3.40
2010.10.15 09:46:44.216,0.72415,0.72445,2.40,2.60
2010.10.15 09:46:46.159,0.72415,0.72445,2.40,3.40
2010.10.15 09:46:46.747,0.72415,0.72445,2.60,2.60
2010.10.15 09:46:56.508,0.72415,0.72445,2.60,2.60
2010.10.15 09:46:58.155,0.72415,0.72445,2.60,2.60
2010.10.15 09:46:59.060,0.72415,0.72445,2.60,2.70
2010.10.15 09:47:00.234,0.72415,0.72445,2.60,2.60
2010.10.15 09:47:03.534,0.72415,0.72445,3.40,2.40
2010.10.15 09:47:04.095,0.7242,0.7245,2.40,2.70
2010.10.15 09:47:04.973,0.7242,0.7245,2.40,2.40
2010.10.15 09:47:07.403,0.7242,0.72455,2.40,2.50
2010.10.15 09:47:07.683,0.7242,0.72455,2.50,2.40
2010.10.15 09:47:07.824,0.72425,0.72455,2.40,1.00
