2011.01.26 14:00:00.780,0.72398,0.72434,1.32,2.25
2011.01.26 14:00:00.899,0.72397,0.72434,2.25,2.63
2011.01.26 14:00:01.581,0.72387,0.7243,3.34,1.88
2011.01.26 14:00:02.277,0.72386,0.72426,3.19,2.63
2011.01.26 14:00:02.816,0.72386,0.72425,2.25,1.32
2011.01.26 14:00:03.345,0.72386,0.72426,2.25,3.57
2011.01.26 14:00:03.460,0.72393,0.72428,2.25,1.32
2011.01.26 14:00:03.566,0.72393,0.72429,2.25,2.63
2011.01.26 14:00:04.164,0.72393,0.72429,2.25,2.82
2011.01.26 14:00:09.059,0.72394,0.7243,2.25,3.57
2011.01.26 14:00:09.667,0.72404,0.72434,3.19,1.50
2011.01.26 14:00:09.775,0.72406,0.7244,2.44,2.25
2011.01.26 14:00:10.317,0.7241,0.72443,2.25,2.44
2011.01.26 14:00:10.645,0.72403,0.72439,2.25,3.19
2011.01.26 14:00:10.755,0.72401,0.72437,2.25,3.19
2011.01.26 14:00:12.049,0.72403,0.72439,2.25,3.19
2011.01.26 14:00:12.707,0.72402,0.72436,2.25,3.19
2011.01.26 14:00:15.978,0.72413,0.72447,2.25,2.44
2011.01.26 14:00:16.305,0.72414,0.72443,2.25,1.32
2011.01.26 14:00:19.495,0.72409,0.72444,3.57,2.25
2011.01.26 14:00:20.116,0.72414,0.72447,2.25,2.44
2011.01.26 14:00:23.265,0.7241,0.72443,2.25,2.44
2011.01.26 14:00:24.826,0.7241,0.72443,2.25,2.25
2011.01.26 14:00:35.547,0.72405,0.72441,2.25,2.82
2011.01.26 14:00:42.325,0.72406,0.7244,2.25,2.44
2011.01.26 14:00:43.176,0.72403,0.72439,2.25,2.82
2011.01.26 14:00:43.286,0.72401,0.72437,2.25,2.82
2011.01.26 14:00:45.027,0.72404,0.72438,2.25,2.25
2011.01.26 14:00:46.125,0.72405,0.72441,2.25,2.82
2011.01.26 14:00:46.346,0.72405,0.72441,2.25,2.82
2011.01.26 14:00:47.731,0.72404,0.7244,2.25,2.25
2011.01.26 14:00:51.591,0.72406,0.7244,2.25,2.25
2011.01.26 14:00:53.496,0.72406,0.7244,2.25,2.63
2011.01.26 14:00:53.604,0.724,0.72436,2.25,2.82
2011.01.26 14:00:54.268,0.72404,0.7244,2.25,2.44
2011.01.26 14:00:54.706,0.72406,0.7244,2.25,2.44
2011.01.26 14:01:00.471,0.72403,0.72439,2.44,2.44
2011.01.26 14:01:00.698,0.72406,0.72442,2.25,3.57
2011.01.26 14:01:01.619,0.72403,0.7244,2.25,2.82
2011.01.26 14:01:02.125,0.72397,0.72433,2.33,2.82
2011.01.26 14:01:02.240,0.72383,0.72429,1.77,2.44
2011.01.26 14:01:02.485,0.72382,0.72429,2.33,2.82
2011.01.26 14:01:03.346,0.72381,0.7242,2.70,2.63
2011.01.26 14:01:04.897,0.72382,0.72419,2.33,2.25
2011.01.26 14:01:06.518,0.72382,0.72419,2.33,2.25
2011.01.26 14:01:09.976,0.72382,0.72419,2.33,2.25
2011.01.26 14:01:13.325,0.72382,0.72419,2.25,2.25
2011.01.26 14:01:13.906,0.72382,0.72419,2.63,2.25
2011.01.26 14:01:14.129,0.72388,0.72424,2.25,2.25
2011.01.26 14:01:14.997,0.72406,0.72441,2.82,2.33
2011.01.26 14:01:15.107,0.72413,0.72448,2.25,2.52
2011.01.26 14:01:15.216,0.72413,0.72448,2.44,2.33
2011.01.26 14:01:15.326,0.72416,0.7245,2.25,2.25
2011.01.26 14:01:15.958,0.72422,0.72456,2.44,2.25
2011.01.26 14:01:16.354,0.72422,0.72456,2.44,2.25
2011.01.26 14:01:17.685,0.7242,0.72453,2.44,2.25
2011.01.26 14:01:18.172,0.7242,0.72453,2.25,2.25
2011.01.26 14:01:25.475,0.72422,0.72457,2.25,2.44
2011.01.26 14:01:26.048,0.72422,0.72457,2.44,2.44
2011.01.26 14:01:26.157,0.7242,0.72453,2.44,2.25
2011.01.26 14:01:27.257,0.7242,0.72453,2.63,2.25
2011.01.26 14:01:27.727,0.72422,0.72457,2.44,2.44
2011.01.26 14:01:27.900,0.7242,0.72453,2.82,2.25
2011.01.26 14:01:28.125,0.7242,0.72453,2.25,2.44
2011.01.26 14:01:28.838,0.72413,0.72448,2.63,2.25
2011.01.26 14:01:29.437,0.72416,0.7245,2.25,2.25
2011.01.26 14:01:30.026,0.72412,0.72446,2.70,2.25
2011.01.26 14:01:30.446,0.72412,0.72446,2.70,2.25
2011.01.26 14:01:31.034,0.72414,0.72452,2.63,2.25
2011.01.26 14:01:31.149,0.72417,0.72461,1.32,3.19
2011.01.26 14:01:31.607,0.72414,0.72461,6.27,2.44
2011.01.26 14:01:32.212,0.72414,0.72461,2.89,2.44
2011.01.26 14:01:32.720,0.72414,0.72461,6.27,2.44
2011.01.26 14:01:35.178,0.7241,0.72458,2.89,2.82
2011.01.26 14:01:35.286,0.72414,0.72458,1.69,2.63
2011.01.26 14:01:35.943,0.7242,0.72457,2.44,2.25
2011.01.26 14:01:36.618,0.72427,0.72461,2.25,2.44
2011.01.26 14:01:38.370,0.72429,0.72463,2.25,1.32
2011.01.26 14:01:38.716,0.72428,0.72462,1.02,2.25
2011.01.26 14:01:39.165,0.72431,0.72465,2.44,2.44
2011.01.26 14:01:39.808,0.72429,0.72463,3.19,2.25
2011.01.26 14:01:40.359,0.72431,0.72465,2.44,2.44
2011.01.26 14:01:41.829,0.72429,0.72463,3.19,2.25
2011.01.26 14:01:44.298,0.72431,0.72465,2.44,2.44
2011.01.26 14:01:52.787,0.72424,0.72461,2.82,3.19
2011.01.26 14:01:54.178,0.72424,0.72461,2.63,2.25
2011.01.26 14:01:54.905,0.72424,0.72461,2.63,2.25
2011.01.26 14:01:55.645,0.72431,0.72465,2.63,2.25
2011.01.26 14:02:01.818,0.72428,0.72464,2.82,2.25
2011.01.26 14:02:02.347,0.72428,0.72464,2.25,3.57
2011.01.26 14:02:02.810,0.72431,0.72465,2.25,2.25
2011.01.26 14:02:29.028,0.72429,0.72462,2.44,2.25
2011.01.26 14:02:29.672,0.7243,0.72466,2.44,2.44
2011.01.26 14:02:29.781,0.72432,0.72472,2.82,2.89
2011.01.26 14:02:30.960,0.72432,0.72472,2.82,2.63
2011.01.26 14:02:47.957,0.72432,0.72472,2.97,2.25
2011.01.26 14:02:48.062,0.72426,0.7247,2.22,2.44
2011.01.26 14:02:48.276,0.72432,0.72472,2.82,2.44
2011.01.26 14:02:53.600,0.72432,0.72472,8.22,2.25
2011.01.26 14:02:54.201,0.7244,0.72479,3.57,2.63
2011.01.26 14:02:54.941,0.72441,0.72475,2.25,2.25
2011.01.26 14:02:55.278,0.72438,0.72473,2.25,2.25
2011.01.26 14:02:55.970,0.7243,0.7247,6.27,2.82
2011.01.26 14:02:56.973,0.72429,0.72464,1.32,2.25
2011.01.26 14:02:57.197,0.72423,0.72462,3.64,2.25
2011.01.26 14:02:57.307,0.72423,0.72462,3.64,2.25
2011.01.26 14:02:57.916,0.72431,0.72465,2.63,2.25
2011.01.26 14:02:58.968,0.72432,0.72465,2.44,2.25
2011.01.26 14:03:00.085,0.72435,0.72468,2.25,2.44
2011.01.26 14:03:00.928,0.72431,0.72465,2.63,2.25
2011.01.26 14:03:01.046,0.72429,0.72462,2.63,2.25
2011.01.26 14:03:01.157,0.7243,0.72466,2.63,2.25
2011.01.26 14:03:01.765,0.7243,0.72466,2.25,2.25
2011.01.26 14:03:01.880,0.72432,0.72472,2.44,2.59
2011.01.26 14:03:02.449,0.72432,0.72472,2.44,2.52
2011.01.26 14:03:02.555,0.72433,0.72471,2.44,2.25
2011.01.26 14:03:03.638,0.72434,0.72473,2.82,2.25
2011.01.26 14:03:03.745,0.72437,0.72475,2.44,2.25
2011.01.26 14:03:14.417,0.72435,0.72478,2.63,2.97
2011.01.26 14:03:15.467,0.72435,0.72478,2.70,2.82
2011.01.26 14:03:15.966,0.72435,0.72478,2.78,2.82
2011.01.26 14:03:16.657,0.72438,0.72482,2.78,2.82
2011.01.26 14:03:18.058,0.72438,0.72482,2.78,2.82
2011.01.26 14:03:20.253,0.72438,0.72482,6.15,2.82
2011.01.26 14:03:20.783,0.72438,0.72482,6.15,2.44
2011.01.26 14:03:20.889,0.72438,0.72482,2.63,2.82
2011.01.26 14:03:22.756,0.72438,0.72482,2.78,2.82
2011.01.26 14:03:23.395,0.7244,0.72483,2.40,2.82
2011.01.26 14:03:23.615,0.72439,0.72481,2.63,2.63
2011.01.26 14:03:24.165,0.72439,0.72481,2.70,2.63
2011.01.26 14:03:24.878,0.72439,0.72481,2.63,2.63
2011.01.26 14:03:25.708,0.72439,0.72481,2.70,2.63
2011.01.26 14:03:26.825,0.72439,0.72481,2.63,2.63
2011.01.26 14:03:27.569,0.72439,0.72481,2.70,2.63
2011.01.26 14:03:28.107,0.72442,0.72481,1.02,2.63
2011.01.26 14:03:28.328,0.72446,0.72489,3.57,3.64
2011.01.26 14:03:28.908,0.72446,0.72489,3.57,3.27
2011.01.26 14:03:29.018,0.7245,0.72489,1.32,2.44
2011.01.26 14:03:29.948,0.72455,0.72496,1.32,1.39
2011.01.26 14:03:30.488,0.72455,0.72496,1.32,2.59
2011.01.26 14:03:32.042,0.72455,0.72496,1.32,1.47
2011.01.26 14:03:32.708,0.72454,0.72497,2.82,2.97
2011.01.26 14:03:33.895,0.72454,0.72497,2.82,3.12
2011.01.26 14:03:34.175,0.72459,0.72497,2.82,2.25
2011.01.26 14:03:34.504,0.72458,0.72501,2.89,2.89
2011.01.26 14:03:35.089,0.7246,0.72503,2.82,2.97
2011.01.26 14:03:36.032,0.72454,0.72499,1.39,2.44
2011.01.26 14:03:36.140,0.72461,0.72502,2.82,2.44
2011.01.26 14:03:37.737,0.72462,0.72504,2.97,2.82
2011.01.26 14:03:39.126,0.72465,0.72508,2.97,2.82
2011.01.26 14:03:40.730,0.72465,0.72508,2.78,2.63
2011.01.26 14:03:44.320,0.72465,0.72508,2.63,2.70
2011.01.26 14:03:44.436,0.72465,0.72508,2.63,2.78
2011.01.26 14:03:44.658,0.72461,0.72502,2.70,2.25
2011.01.26 14:03:45.333,0.72457,0.72499,2.22,2.82
2011.01.26 14:03:46.682,0.72457,0.72499,1.39,2.89
2011.01.26 14:03:59.209,0.72457,0.72499,1.09,2.82
2011.01.26 14:03:59.814,0.72457,0.72498,1.32,1.39
2011.01.26 14:04:00.591,0.72453,0.72494,3.57,2.44
2011.01.26 14:04:00.915,0.7245,0.72492,1.39,3.57
2011.01.26 14:04:01.026,0.72455,0.72494,3.57,1.69
2011.01.26 14:04:01.510,0.72466,0.72494,2.25,1.69
2011.01.26 14:04:01.617,0.72463,0.72506,2.82,2.82
2011.01.26 14:04:01.726,0.72463,0.72506,3.57,2.25
2011.01.26 14:04:01.836,0.72462,0.72504,2.82,2.82
2011.01.26 14:04:02.420,0.72458,0.72493,2.63,2.44
2011.01.26 14:04:02.636,0.72462,0.72505,2.82,2.82
2011.01.26 14:04:03.240,0.72462,0.72505,2.44,2.44
2011.01.26 14:04:03.348,0.72459,0.72506,2.44,2.25
2011.01.26 14:04:03.501,0.72459,0.72506,2.52,2.25
2011.01.26 14:04:04.307,0.72468,0.72515,2.25,2.25
2011.01.26 14:04:04.414,0.72468,0.72515,2.25,2.33
2011.01.26 14:04:05.446,0.72468,0.72515,2.33,2.25
2011.01.26 14:04:05.556,0.72468,0.72515,2.33,2.33
2011.01.26 14:04:05.738,0.72468,0.72515,2.40,2.25
2011.01.26 14:04:06.518,0.72468,0.72515,2.25,2.25
2011.01.26 14:04:06.628,0.72468,0.72515,2.25,2.33
2011.01.26 14:04:07.305,0.72468,0.72515,2.25,2.25
2011.01.26 14:04:07.892,0.72468,0.72515,2.25,2.40
2011.01.26 14:04:08.437,0.72468,0.72515,2.33,2.25
2011.01.26 14:04:08.547,0.72468,0.72515,3.19,2.25
2011.01.26 14:04:09.032,0.72469,0.72518,3.19,1.50
2011.01.26 14:04:09.626,0.72469,0.72523,3.19,2.44
2011.01.26 14:04:10.502,0.72469,0.72523,2.44,2.52
2011.01.26 14:04:10.782,0.72469,0.72523,2.52,2.44
2011.01.26 14:04:11.527,0.72472,0.72518,2.33,1.50
2011.01.26 14:04:11.966,0.72466,0.72518,2.59,2.63
2011.01.26 14:04:12.547,0.72464,0.72511,2.33,4.13
2011.01.26 14:04:12.658,0.72463,0.72508,2.33,2.63
2011.01.26 14:04:13.360,0.72458,0.72499,2.97,2.25
2011.01.26 14:04:13.471,0.72458,0.72499,2.44,2.82
2011.01.26 14:04:13.588,0.72456,0.72499,1.02,2.82
2011.01.26 14:04:14.396,0.72455,0.72497,2.52,1.32
2011.01.26 14:04:14.508,0.72455,0.72497,2.44,1.32
2011.01.26 14:04:15.046,0.72458,0.72496,1.50,2.82
2011.01.26 14:04:15.570,0.72458,0.72496,2.44,2.63
2011.01.26 14:04:15.690,0.72462,0.72502,2.82,1.32
2011.01.26 14:04:16.618,0.72462,0.72501,2.82,1.32
2011.01.26 14:04:29.938,0.72463,0.72501,2.44,1.39
2011.01.26 14:04:30.627,0.72462,0.72501,2.82,1.32
2011.01.26 14:04:31.456,0.72462,0.72493,2.63,2.44
2011.01.26 14:04:31.569,0.72448,0.72488,3.19,1.32
2011.01.26 14:04:33.598,0.72449,0.72488,3.19,1.47
2011.01.26 14:04:34.564,0.72448,0.72485,3.19,1.02
2011.01.26 14:04:35.168,0.72448,0.72487,3.19,1.02
2011.01.26 14:04:35.890,0.72448,0.72485,3.19,1.02
2011.01.26 14:04:36.827,0.7244,0.7248,1.28,4.69
2011.01.26 14:04:36.942,0.72439,0.7248,1.32,4.69
2011.01.26 14:04:37.507,0.72446,0.72485,3.57,1.32
2011.01.26 14:04:37.626,0.72446,0.72485,3.57,1.32
2011.01.26 14:04:38.102,0.72446,0.72488,2.82,1.39
2011.01.26 14:04:38.790,0.7245,0.72491,2.25,1.32
2011.01.26 14:04:39.490,0.72452,0.72499,3.19,1.15
2011.01.26 14:04:39.609,0.72461,0.72502,2.25,2.82
2011.01.26 14:04:41.558,0.72461,0.72502,2.33,2.82
2011.01.26 14:04:42.817,0.72461,0.72502,2.25,2.89
2011.01.26 14:04:44.318,0.72461,0.72499,2.25,1.32
2011.01.26 14:04:44.427,0.72453,0.72499,2.82,3.57
2011.01.26 14:04:44.973,0.72453,0.72492,2.25,1.32
2011.01.26 14:04:45.079,0.7245,0.72492,2.44,1.32
2011.01.26 14:04:48.387,0.7245,0.7249,2.25,1.32
2011.01.26 14:04:48.499,0.7245,0.72493,2.82,3.72
2011.01.26 14:04:49.084,0.72451,0.72492,2.25,2.82
2011.01.26 14:04:49.198,0.72451,0.72492,3.19,2.63
2011.01.26 14:04:49.310,0.72459,0.72502,2.25,3.72
2011.01.26 14:04:49.948,0.72457,0.725,2.82,2.97
2011.01.26 14:04:50.060,0.72455,0.72497,2.82,1.32
2011.01.26 14:04:51.040,0.72456,0.72495,2.44,1.32
2011.01.26 14:04:51.934,0.72458,0.72496,1.32,2.44
2011.01.26 14:04:52.050,0.7245,0.7249,5.07,1.32
2011.01.26 14:04:52.156,0.7245,0.72493,2.82,3.64
2011.01.26 14:04:52.875,0.7245,0.72493,3.57,2.89
2011.01.26 14:04:52.989,0.72453,0.72494,2.25,1.32
2011.01.26 14:04:53.097,0.72451,0.72492,2.44,2.82
2011.01.26 14:04:53.207,0.72452,0.72493,2.44,4.20
2011.01.26 14:04:53.788,0.72451,0.72492,1.32,2.25
2011.01.26 14:04:55.747,0.72452,0.72496,2.82,2.89
2011.01.26 14:04:56.865,0.72452,0.72496,2.97,2.97
2011.01.26 14:04:58.887,0.72451,0.72493,1.32,2.33
2011.01.26 14:05:00.158,0.72451,0.72492,1.32,2.33
2011.01.26 14:05:00.439,0.72451,0.72492,1.32,2.33
2011.01.26 14:05:01.075,0.7245,0.72492,2.25,2.97
2011.01.26 14:05:01.190,0.72456,0.72497,2.25,3.12
2011.01.26 14:05:01.296,0.72456,0.72497,2.25,2.82
2011.01.26 14:05:02.078,0.72456,0.72496,2.44,1.32
2011.01.26 14:05:02.737,0.72456,0.72494,2.25,1.32
2011.01.26 14:05:03.334,0.72453,0.72494,1.32,1.32
2011.01.26 14:05:03.657,0.72454,0.72497,2.44,2.82
2011.01.26 14:05:04.899,0.72454,0.72497,2.44,6.45
2011.01.26 14:05:05.005,0.72454,0.72497,2.44,2.82
2011.01.26 14:05:05.883,0.72454,0.72497,2.44,6.27
2011.01.26 14:05:06.336,0.72454,0.72497,2.44,6.63
2011.01.26 14:05:06.447,0.72454,0.72497,2.44,6.45
2011.01.26 14:05:07.294,0.72453,0.72495,2.82,2.89
2011.01.26 14:05:09.161,0.72453,0.72495,2.82,2.82
2011.01.26 14:05:11.025,0.72454,0.72497,2.44,6.45
2011.01.26 14:05:12.189,0.72455,0.72496,2.25,6.27
2011.01.26 14:05:12.296,0.72455,0.72496,2.25,2.82
2011.01.26 14:05:12.968,0.72455,0.72496,2.25,6.27
2011.01.26 14:05:14.011,0.72455,0.72496,2.25,6.27
2011.01.26 14:05:14.879,0.72453,0.72495,2.89,2.89
2011.01.26 14:05:15.396,0.72454,0.72497,2.44,6.27
2011.01.26 14:05:17.406,0.7245,0.7249,2.33,1.32
2011.01.26 14:05:17.518,0.72451,0.72492,2.25,2.82
2011.01.26 14:05:18.776,0.72452,0.72492,2.22,2.25
2011.01.26 14:05:18.885,0.72454,0.72495,2.25,2.82
2011.01.26 14:05:18.996,0.72454,0.72495,2.70,2.44
2011.01.26 14:05:19.106,0.72458,0.72499,2.82,2.89
2011.01.26 14:05:19.719,0.72465,0.72508,2.82,2.59
2011.01.26 14:05:20.548,0.72461,0.72504,3.19,2.89
2011.01.26 14:05:20.875,0.72461,0.72504,5.07,2.70
2011.01.26 14:05:20.986,0.72465,0.72507,2.44,2.88
2011.01.26 14:05:21.576,0.72463,0.72503,2.25,2.70
2011.01.26 14:05:22.580,0.72463,0.72502,2.25,1.39
2011.01.26 14:05:22.724,0.72463,0.72497,2.25,1.32
2011.01.26 14:05:23.408,0.72454,0.72496,2.82,1.32
2011.01.26 14:05:24.128,0.72455,0.72496,2.33,3.57
2011.01.26 14:05:24.710,0.7246,0.72496,1.88,3.19
2011.01.26 14:05:24.936,0.72465,0.72509,2.25,2.97
2011.01.26 14:05:26.367,0.72466,0.72509,2.63,6.90
2011.01.26 14:05:26.696,0.7247,0.72512,2.25,1.47
2011.01.26 14:05:27.283,0.72469,0.72512,2.44,1.62
2011.01.26 14:05:27.398,0.72469,0.72512,2.44,1.32
2011.01.26 14:05:28.856,0.72469,0.72512,2.82,1.02
2011.01.26 14:05:29.449,0.72472,0.72509,1.32,2.25
2011.01.26 14:05:29.560,0.72476,0.72518,2.82,2.89
2011.01.26 14:05:32.439,0.72476,0.72518,2.89,2.89
2011.01.26 14:05:33.101,0.72478,0.72519,2.25,2.89
2011.01.26 14:05:34.154,0.72476,0.72518,2.89,2.89
2011.01.26 14:05:34.971,0.72478,0.72519,2.25,2.89
2011.01.26 14:05:35.318,0.72481,0.7252,2.63,1.32
2011.01.26 14:05:36.187,0.72477,0.72517,2.63,1.02
2011.01.26 14:05:36.296,0.72477,0.72518,2.82,2.25
2011.01.26 14:05:36.405,0.72478,0.72521,2.82,2.82
2011.01.26 14:05:36.516,0.72478,0.72521,2.82,2.89
2011.01.26 14:05:37.031,0.72478,0.72518,2.82,1.02
2011.01.26 14:05:37.852,0.72473,0.72515,1.02,3.57
2011.01.26 14:05:38.066,0.72461,0.72513,2.25,2.44
2011.01.26 14:05:39.019,0.72461,0.72513,2.25,6.27
2011.01.26 14:05:39.590,0.7246,0.72505,2.44,2.63
2011.01.26 14:05:40.649,0.7246,0.72501,2.25,1.50
2011.01.26 14:05:41.078,0.72456,0.725,2.40,2.82
2011.01.26 14:05:41.669,0.72453,0.72495,2.97,2.25
2011.01.26 14:05:41.778,0.7245,0.72491,1.69,2.25
2011.01.26 14:05:43.134,0.72451,0.72491,1.32,2.25
2011.01.26 14:05:43.467,0.7245,0.72492,2.89,2.44
2011.01.26 14:05:44.169,0.72453,0.72498,2.52,2.44
2011.01.26 14:05:44.275,0.72453,0.72498,2.33,2.25
2011.01.26 14:05:45.210,0.7245,0.72495,5.97,2.25
2011.01.26 14:05:45.834,0.72451,0.72502,2.40,1.02
2011.01.26 14:05:45.951,0.72452,0.72511,3.19,2.52
2011.01.26 14:05:46.067,0.7245,0.72504,2.44,2.44
2011.01.26 14:05:46.946,0.7245,0.72504,5.97,2.44
2011.01.26 14:05:47.166,0.72455,0.72509,2.25,1.32
2011.01.26 14:05:47.725,0.72452,0.72507,2.33,2.82
2011.01.26 14:05:47.839,0.72452,0.72507,2.40,2.82
2011.01.26 14:05:48.116,0.72452,0.72507,2.59,2.40
2011.01.26 14:05:48.225,0.72457,0.72509,2.25,2.40
2011.01.26 14:05:48.539,0.72457,0.72509,2.33,2.25
2011.01.26 14:05:49.153,0.72453,0.72506,2.25,2.63
2011.01.26 14:05:50.136,0.72453,0.72506,2.25,2.82
2011.01.26 14:05:52.964,0.72448,0.72503,2.82,2.25
2011.01.26 14:05:53.076,0.72448,0.72503,2.59,2.63
2011.01.26 14:05:53.406,0.72449,0.72502,2.25,2.52
2011.01.26 14:05:54.010,0.72453,0.72506,2.25,2.44
2011.01.26 14:05:54.117,0.72453,0.72506,2.52,2.33
2011.01.26 14:05:54.678,0.72456,0.7251,2.44,2.89
2011.01.26 14:05:54.788,0.72456,0.7251,2.52,2.82
2011.01.26 14:05:54.895,0.72456,0.7251,2.44,2.82
2011.01.26 14:05:55.115,0.72456,0.7251,2.52,2.82
2011.01.26 14:05:56.215,0.72456,0.7251,2.52,2.82
2011.01.26 14:05:57.038,0.72456,0.7251,2.44,2.89
2011.01.26 14:05:57.808,0.72456,0.7251,2.59,2.82
2011.01.26 14:05:57.919,0.72456,0.7251,2.52,2.89
2011.01.26 14:05:58.475,0.72456,0.7251,2.59,2.82
2011.01.26 14:05:59.065,0.72456,0.7251,2.44,2.89
2011.01.26 14:05:59.958,0.72443,0.72497,2.40,2.44
2011.01.26 14:06:00.066,0.72443,0.72497,2.33,2.52
2011.01.26 14:06:00.969,0.7244,0.72495,2.33,2.44
2011.01.26 14:06:01.509,0.72443,0.72497,2.40,2.52
2011.01.26 14:06:01.615,0.72443,0.72497,2.40,2.59
2011.01.26 14:06:02.425,0.72444,0.72496,2.33,2.44
2011.01.26 14:06:02.770,0.72444,0.72496,2.25,2.44
2011.01.26 14:06:03.281,0.72444,0.72496,2.33,2.44
2011.01.26 14:06:03.877,0.72444,0.72496,2.40,2.44
2011.01.26 14:06:04.406,0.72448,0.72501,2.25,2.33
2011.01.26 14:06:05.129,0.72448,0.72501,2.25,6.34
2011.01.26 14:06:05.236,0.72441,0.72494,2.52,2.33
2011.01.26 14:06:05.638,0.72439,0.72493,2.33,2.33
2011.01.26 14:06:05.997,0.72445,0.72498,2.25,6.45
2011.01.26 14:06:06.550,0.72445,0.72498,2.33,2.89
2011.01.26 14:06:06.658,0.72435,0.72489,1.28,2.25
2011.01.26 14:06:06.766,0.72439,0.72493,2.33,2.33
2011.01.26 14:06:08.095,0.72437,0.72491,2.59,2.25
2011.01.26 14:06:08.929,0.7244,0.72495,2.25,2.40
2011.01.26 14:06:09.052,0.7244,0.72495,2.33,2.33
2011.01.26 14:06:14.067,0.72437,0.72491,2.33,2.89
2011.01.26 14:06:14.199,0.72437,0.72491,2.40,2.82
2011.01.26 14:06:15.002,0.72432,0.72487,2.40,2.82
2011.01.26 14:06:15.476,0.72433,0.72487,2.33,2.82
2011.01.26 14:06:15.589,0.72433,0.72487,2.33,2.44
2011.01.26 14:06:16.640,0.72433,0.72487,2.70,2.44
2011.01.26 14:06:16.865,0.72442,0.72497,2.25,2.97
2011.01.26 14:06:16.976,0.72442,0.72497,2.25,2.97
2011.01.26 14:06:17.458,0.72446,0.72497,1.88,2.97
2011.01.26 14:06:17.926,0.72451,0.72498,2.25,2.78
2011.01.26 14:06:19.271,0.72449,0.72496,2.44,2.97
2011.01.26 14:06:19.958,0.72449,0.72496,2.44,6.34
2011.01.26 14:06:20.752,0.7245,0.72495,2.44,2.59
2011.01.26 14:06:21.144,0.7245,0.72495,2.44,2.44
2011.01.26 14:06:21.987,0.72451,0.72498,2.25,6.27
2011.01.26 14:06:23.159,0.72451,0.72498,2.25,6.34
2011.01.26 14:06:24.859,0.72451,0.72491,2.25,1.50
2011.01.26 14:06:24.970,0.72442,0.72487,2.33,2.44
2011.01.26 14:06:26.931,0.72442,0.72487,2.40,2.44
2011.01.26 14:06:29.362,0.72442,0.72487,2.25,2.52
2011.01.26 14:06:30.052,0.7245,0.72491,1.32,2.25
2011.01.26 14:06:30.165,0.72454,0.72502,2.44,6.72
2011.01.26 14:06:30.946,0.72454,0.72502,2.44,6.34
2011.01.26 14:06:31.055,0.72454,0.72502,2.44,6.72
2011.01.26 14:06:31.976,0.72454,0.72502,2.44,2.97
2011.01.26 14:06:32.090,0.72446,0.72491,2.33,2.44
2011.01.26 14:06:32.205,0.72437,0.72491,2.97,3.19
2011.01.26 14:06:32.819,0.72437,0.72491,2.52,3.19
2011.01.26 14:06:34.597,0.72437,0.72491,2.52,2.44
2011.01.26 14:06:34.706,0.72437,0.72491,6.63,2.44
2011.01.26 14:06:35.036,0.72445,0.72492,2.25,2.63
2011.01.26 14:06:36.210,0.72445,0.72492,2.25,2.70
2011.01.26 14:06:36.426,0.72437,0.72491,2.59,2.82
2011.01.26 14:06:37.069,0.72437,0.72491,5.97,2.82
2011.01.26 14:06:37.555,0.72437,0.72491,6.34,2.63
2011.01.26 14:06:37.665,0.72445,0.72492,2.25,2.70
2011.01.26 14:06:38.434,0.72438,0.7249,2.40,2.44
2011.01.26 14:06:38.766,0.72447,0.72502,2.44,2.89
2011.01.26 14:06:38.877,0.72451,0.72503,2.25,2.52
2011.01.26 14:06:38.985,0.72448,0.72503,2.44,2.89
2011.01.26 14:06:39.225,0.72448,0.72503,3.64,2.40
2011.01.26 14:06:39.777,0.72458,0.72505,2.25,6.15
2011.01.26 14:06:39.998,0.72454,0.72501,2.25,2.70
2011.01.26 14:06:40.324,0.72445,0.72498,2.52,2.63
2011.01.26 14:06:40.933,0.72444,0.72497,2.52,2.25
2011.01.26 14:06:41.825,0.72444,0.72497,2.52,2.25
2011.01.26 14:06:42.355,0.72454,0.72507,2.25,2.59
2011.01.26 14:06:42.687,0.72465,0.7251,2.63,2.33
2011.01.26 14:06:43.272,0.72464,0.72511,2.82,2.40
2011.01.26 14:06:43.612,0.72464,0.72504,2.25,6.27
2011.01.26 14:06:44.211,0.72456,0.72501,2.25,2.82
2011.01.26 14:06:45.047,0.72456,0.72501,2.25,2.97
2011.01.26 14:06:45.158,0.72456,0.725,2.25,1.28
2011.01.26 14:06:46.779,0.72455,0.72502,2.25,6.34
2011.01.26 14:06:48.193,0.72456,0.72503,2.25,6.53
2011.01.26 14:06:48.746,0.72448,0.72495,2.40,2.52
2011.01.26 14:06:49.274,0.72451,0.72496,2.25,2.82
2011.01.26 14:06:49.390,0.72444,0.72489,2.44,2.25
2011.01.26 14:06:50.298,0.72444,0.72489,2.44,2.33
2011.01.26 14:06:50.546,0.72444,0.72489,2.44,2.25
2011.01.26 14:06:50.766,0.72444,0.72489,2.25,2.44
2011.01.26 14:06:51.557,0.72448,0.72493,2.25,2.52
2011.01.26 14:06:52.293,0.7245,0.72495,2.25,2.33
2011.01.26 14:06:52.415,0.72451,0.72498,2.25,2.89
2011.01.26 14:06:52.529,0.72449,0.72494,2.44,2.25
2011.01.26 14:06:53.253,0.72449,0.72494,2.25,2.59
2011.01.26 14:06:53.835,0.72445,0.72492,2.44,2.44
2011.01.26 14:06:54.469,0.72444,0.72491,2.33,2.63
2011.01.26 14:06:54.796,0.72444,0.72491,6.15,2.25
2011.01.26 14:06:55.411,0.72456,0.72501,2.25,2.89
2011.01.26 14:06:55.892,0.72456,0.72501,2.25,6.90
2011.01.26 14:06:56.115,0.72452,0.72497,2.33,2.89
2011.01.26 14:06:58.616,0.72452,0.72497,2.33,2.82
2011.01.26 14:06:59.698,0.72452,0.72497,2.33,2.97
2011.01.26 14:07:00.430,0.72449,0.72496,2.89,2.44
2011.01.26 14:07:00.538,0.72449,0.72496,3.57,2.25
2011.01.26 14:07:01.173,0.72456,0.72499,2.82,2.70
2011.01.26 14:07:01.508,0.72462,0.72507,2.44,2.44
2011.01.26 14:07:04.006,0.72461,0.72508,6.34,2.25
2011.01.26 14:07:04.577,0.72465,0.72511,2.44,2.52
2011.01.26 14:07:04.700,0.72465,0.72511,2.44,2.44
2011.01.26 14:07:04.811,0.72465,0.72511,2.44,2.59
2011.01.26 14:07:05.227,0.72465,0.72511,2.44,5.97
2011.01.26 14:07:06.465,0.72465,0.72511,2.44,2.59
2011.01.26 14:07:07.461,0.72465,0.72511,2.44,5.97
2011.01.26 14:07:09.012,0.72465,0.72511,2.44,5.97
2011.01.26 14:07:09.238,0.72461,0.72506,2.33,2.89
2011.01.26 14:07:10.130,0.72461,0.72508,2.25,2.59
2011.01.26 14:07:10.240,0.72451,0.72498,2.33,2.63
2011.01.26 14:07:10.649,0.72451,0.72498,2.25,2.70
2011.01.26 14:07:11.498,0.72451,0.72498,2.63,2.25
2011.01.26 14:07:11.828,0.72458,0.72503,2.25,3.64
2011.01.26 14:07:11.935,0.72449,0.72502,2.44,2.44
2011.01.26 14:07:12.507,0.72453,0.72503,2.25,1.39
2011.01.26 14:07:12.836,0.72453,0.72505,2.44,1.02
2011.01.26 14:07:13.647,0.72453,0.72506,2.40,2.44
2011.01.26 14:07:14.475,0.72453,0.72506,2.25,2.52
2011.01.26 14:07:16.349,0.72453,0.72506,2.25,2.44
2011.01.26 14:07:16.455,0.72457,0.72509,2.25,2.52
2011.01.26 14:07:16.565,0.72457,0.72509,2.44,2.25
2011.01.26 14:07:17.278,0.72461,0.72513,2.25,2.52
2011.01.26 14:07:17.777,0.72459,0.72513,2.44,2.52
2011.01.26 14:07:18.878,0.72459,0.72513,2.44,2.74
2011.01.26 14:07:18.985,0.72459,0.72513,2.44,2.52
2011.01.26 14:07:19.205,0.72464,0.72516,2.25,1.02
2011.01.26 14:07:21.516,0.72464,0.72516,2.44,2.52
2011.01.26 14:07:22.176,0.72463,0.72517,2.44,6.12
2011.01.26 14:07:22.285,0.72463,0.72517,2.44,2.52
2011.01.26 14:07:22.395,0.72463,0.72517,2.44,6.12
2011.01.26 14:07:22.894,0.72463,0.72517,2.44,2.52
2011.01.26 14:07:23.009,0.72463,0.72517,2.44,6.53
2011.01.26 14:07:26.015,0.72459,0.72513,2.25,6.45
2011.01.26 14:07:26.656,0.72457,0.72509,2.33,2.52
2011.01.26 14:07:26.922,0.72457,0.72509,2.33,2.44
2011.01.26 14:07:27.037,0.72457,0.72509,2.40,2.44
2011.01.26 14:07:28.816,0.7246,0.72512,2.25,2.52
2011.01.26 14:07:28.927,0.72456,0.7251,2.52,2.52
2011.01.26 14:07:29.035,0.72456,0.7251,2.59,2.44
2011.01.26 14:07:29.628,0.72457,0.72509,2.33,2.44
2011.01.26 14:07:30.196,0.72457,0.72509,2.33,2.52
2011.01.26 14:07:30.416,0.7246,0.72512,2.25,2.52
2011.01.26 14:07:30.945,0.72457,0.72509,2.33,2.52
2011.01.26 14:07:31.062,0.72446,0.72499,2.40,2.44
2011.01.26 14:07:34.624,0.72453,0.72507,2.25,2.25
2011.01.26 14:07:35.721,0.72453,0.72506,2.25,2.63
2011.01.26 14:07:35.830,0.72451,0.72503,2.44,2.33
2011.01.26 14:07:36.046,0.72452,0.72507,2.52,2.63
2011.01.26 14:07:37.088,0.72452,0.72507,2.25,6.27
2011.01.26 14:07:40.111,0.72452,0.72507,2.55,2.82
2011.01.26 14:07:40.279,0.72452,0.72507,2.33,6.27
2011.01.26 14:07:40.957,0.72452,0.72507,2.33,2.82
2011.01.26 14:07:41.072,0.72458,0.72505,2.63,2.40
2011.01.26 14:07:41.769,0.72461,0.72505,1.88,2.25
2011.01.26 14:07:42.476,0.72469,0.72514,2.44,2.40
2011.01.26 14:07:43.539,0.72462,0.72505,6.27,2.25
2011.01.26 14:07:43.757,0.72461,0.72502,3.94,2.25
2011.01.26 14:07:44.244,0.72461,0.72502,3.75,2.44
2011.01.26 14:07:44.348,0.72448,0.72496,1.09,2.44
2011.01.26 14:07:45.210,0.72451,0.72503,2.52,2.52
2011.01.26 14:07:45.306,0.72443,0.72498,2.44,2.89
2011.01.26 14:07:45.415,0.7244,0.72494,2.82,2.63
2011.01.26 14:07:45.746,0.72433,0.7248,2.89,2.25
2011.01.26 14:07:46.215,0.72437,0.72482,2.25,2.63
2011.01.26 14:07:47.760,0.72443,0.72489,2.25,2.33
2011.01.26 14:07:48.991,0.72443,0.72489,2.33,2.52
2011.01.26 14:07:49.107,0.72439,0.72487,2.25,2.97
2011.01.26 14:07:51.288,0.72439,0.72487,2.25,2.82
2011.01.26 14:07:52.046,0.72439,0.72487,2.44,2.63
2011.01.26 14:07:52.280,0.72442,0.7249,2.52,2.89
2011.01.26 14:07:53.711,0.72442,0.7249,2.44,6.90
2011.01.26 14:07:54.385,0.7244,0.72486,2.25,2.89
2011.01.26 14:07:54.849,0.7244,0.72486,2.25,2.82
2011.01.26 14:07:55.977,0.7244,0.72486,2.44,2.63
2011.01.26 14:07:56.966,0.72444,0.72489,2.25,2.52
2011.01.26 14:08:03.087,0.72444,0.72489,2.25,5.97
2011.01.26 14:08:04.911,0.72444,0.72489,2.25,2.52
2011.01.26 14:08:05.515,0.72442,0.72489,2.44,2.52
2011.01.26 14:08:07.105,0.72447,0.72492,2.25,2.52
2011.01.26 14:08:07.216,0.72447,0.72494,2.25,2.97
2011.01.26 14:08:07.840,0.72447,0.72494,2.25,2.97
2011.01.26 14:08:07.948,0.72447,0.72494,2.25,2.89
2011.01.26 14:08:08.971,0.72447,0.72494,2.52,2.70
2011.01.26 14:08:09.307,0.72451,0.72498,2.25,6.49
2011.01.26 14:08:09.416,0.72451,0.72498,2.25,2.97
2011.01.26 14:08:10.317,0.72451,0.72498,2.25,6.45
2011.01.26 14:08:10.856,0.7245,0.72495,2.25,2.52
2011.01.26 14:08:11.460,0.72447,0.72494,2.63,2.59
2011.01.26 14:08:11.676,0.72449,0.72495,2.44,1.50
2011.01.26 14:08:11.787,0.72449,0.72496,2.25,3.64
2011.01.26 14:08:12.491,0.72448,0.72493,2.25,2.89
2011.01.26 14:08:12.611,0.72439,0.72487,2.25,2.82
2011.01.26 14:08:12.717,0.72439,0.72487,2.40,2.82
2011.01.26 14:08:12.828,0.72439,0.72487,2.25,2.97
2011.01.26 14:08:13.565,0.72443,0.72488,2.25,1.09
2011.01.26 14:08:13.680,0.7244,0.72486,2.25,2.82
2011.01.26 14:08:15.789,0.7244,0.72486,2.25,6.27
2011.01.26 14:08:16.543,0.7244,0.72486,2.25,6.27
2011.01.26 14:08:18.766,0.7244,0.72486,2.25,6.27
2011.01.26 14:08:19.438,0.7244,0.72486,2.25,6.34
2011.01.26 14:08:28.351,0.7244,0.72486,2.25,6.34
2011.01.26 14:08:28.828,0.7244,0.72485,2.25,1.28
2011.01.26 14:08:29.541,0.72439,0.72485,2.25,1.43
2011.01.26 14:08:29.646,0.72439,0.72487,2.25,6.27
2011.01.26 14:08:30.260,0.72439,0.72485,2.25,1.28
2011.01.26 14:08:30.376,0.72439,0.72487,2.25,6.72
2011.01.26 14:08:31.390,0.72439,0.72487,2.25,6.27
2011.01.26 14:08:31.505,0.72439,0.72487,2.25,6.27
2011.01.26 14:08:32.120,0.72439,0.72484,2.25,2.52
2011.01.26 14:08:32.228,0.72426,0.72473,2.44,2.59
2011.01.26 14:08:33.157,0.72428,0.72475,2.25,2.89
2011.01.26 14:08:33.818,0.72428,0.72475,2.63,2.52
2011.01.26 14:08:34.145,0.72433,0.72478,2.25,2.97
2011.01.26 14:08:34.527,0.72433,0.72471,2.25,2.89
2011.01.26 14:08:35.027,0.72422,0.72469,2.25,2.89
2011.01.26 14:08:35.755,0.72422,0.72469,2.25,2.97
2011.01.26 14:08:36.581,0.72422,0.72469,2.25,2.89
2011.01.26 14:08:36.725,0.72422,0.72469,2.25,2.97
2011.01.26 14:08:39.908,0.72422,0.72469,2.25,2.97
2011.01.26 14:08:40.016,0.72422,0.72469,2.25,2.97
2011.01.26 14:08:40.247,0.72419,0.72465,2.25,2.97
2011.01.26 14:08:40.757,0.72418,0.72463,2.33,2.52
2011.01.26 14:08:41.496,0.72419,0.72465,2.25,6.27
2011.01.26 14:08:42.357,0.72419,0.72465,2.25,2.97
2011.01.26 14:08:43.532,0.72419,0.72465,2.25,6.34
2011.01.26 14:08:44.222,0.72417,0.72464,2.44,6.90
2011.01.26 14:08:44.557,0.72415,0.72461,2.25,2.70
2011.01.26 14:08:44.666,0.72408,0.72455,2.44,2.52
2011.01.26 14:08:45.256,0.72404,0.72451,3.57,2.25
2011.01.26 14:08:45.370,0.72395,0.7244,2.25,2.44
2011.01.26 14:08:46.551,0.72403,0.72447,2.63,1.02
2011.01.26 14:08:46.655,0.72403,0.7245,2.82,2.33
2011.01.26 14:08:46.766,0.72405,0.7245,1.32,2.25
2011.01.26 14:08:46.875,0.7241,0.72457,2.25,2.97
2011.01.26 14:08:46.985,0.72412,0.72457,2.25,2.97
2011.01.26 14:08:47.627,0.7241,0.72457,2.25,6.90
2011.01.26 14:08:47.939,0.7241,0.72457,2.25,2.89
2011.01.26 14:08:49.447,0.7241,0.72457,2.44,2.70
2011.01.26 14:08:50.184,0.7241,0.72457,3.75,2.89
2011.01.26 14:08:50.297,0.72415,0.72462,2.25,6.45
2011.01.26 14:08:50.579,0.72415,0.72462,2.25,2.97
2011.01.26 14:08:52.119,0.72415,0.72462,2.25,6.27
2011.01.26 14:08:52.230,0.72409,0.72456,2.44,2.25
2011.01.26 14:08:52.339,0.72407,0.72454,3.57,2.25
2011.01.26 14:08:52.448,0.72407,0.72454,2.63,2.59
2011.01.26 14:08:53.039,0.724,0.72445,2.33,2.44
2011.01.26 14:08:53.255,0.72396,0.72442,2.33,2.82
2011.01.26 14:08:53.367,0.72396,0.72442,2.82,2.25
2011.01.26 14:08:53.475,0.724,0.72445,2.25,2.89
2011.01.26 14:08:54.066,0.72398,0.72444,2.25,1.47
2011.01.26 14:08:54.286,0.72399,0.72444,2.25,2.52
2011.01.26 14:08:54.396,0.72399,0.72444,2.63,2.44
2011.01.26 14:08:54.770,0.72401,0.72446,2.63,2.44
2011.01.26 14:08:55.518,0.724,0.72447,2.82,2.40
2011.01.26 14:08:55.947,0.724,0.72447,2.82,2.40
2011.01.26 14:08:56.055,0.724,0.72447,2.82,2.40
2011.01.26 14:08:57.511,0.72401,0.72446,2.97,2.25
2011.01.26 14:08:58.676,0.72402,0.72447,2.82,2.25
2011.01.26 14:08:59.726,0.72406,0.72451,2.25,2.70
2011.01.26 14:08:59.837,0.72406,0.72451,2.25,2.25
2011.01.26 14:09:00.459,0.72406,0.72451,2.25,2.40
2011.01.26 14:09:01.956,0.72406,0.72451,2.25,2.33
2011.01.26 14:09:03.582,0.72408,0.72453,2.25,2.40
2011.01.26 14:09:04.157,0.72408,0.72453,2.25,2.40
2011.01.26 14:09:04.270,0.72401,0.72451,1.69,1.02
2011.01.26 14:09:04.910,0.72387,0.72441,1.02,2.25
2011.01.26 14:09:05.982,0.72394,0.72442,2.63,2.25
2011.01.26 14:09:06.091,0.72406,0.72447,2.25,2.82
2011.01.26 14:09:06.911,0.72406,0.72447,2.25,2.97
2011.01.26 14:09:07.469,0.72406,0.72447,2.25,2.97
2011.01.26 14:09:07.997,0.72406,0.72447,3.19,2.25
2011.01.26 14:09:08.688,0.72408,0.7245,2.44,1.09
2011.01.26 14:09:09.407,0.72408,0.72453,2.44,3.12
2011.01.26 14:09:11.899,0.72408,0.72453,2.44,2.97
2011.01.26 14:09:13.215,0.72408,0.72453,2.44,2.97
2011.01.26 14:09:13.521,0.72408,0.72453,2.44,2.97
2011.01.26 14:09:14.464,0.72406,0.72451,2.52,2.33
2011.01.26 14:09:14.577,0.72406,0.72451,2.59,2.25
2011.01.26 14:09:14.867,0.72406,0.72451,2.44,2.33
2011.01.26 14:09:15.576,0.72409,0.72454,2.25,5.97
2011.01.26 14:09:17.323,0.72409,0.72454,2.44,2.40
2011.01.26 14:09:18.640,0.72405,0.7245,2.44,2.33
2011.01.26 14:09:19.451,0.72405,0.7245,2.44,2.40
2011.01.26 14:09:19.836,0.72405,0.7245,2.82,2.40
2011.01.26 14:09:20.525,0.72403,0.7245,2.25,6.78
2011.01.26 14:09:20.639,0.72403,0.7245,2.25,2.89
2011.01.26 14:09:31.507,0.72403,0.7245,2.40,2.97
2011.01.26 14:09:31.616,0.72401,0.72448,2.63,2.40
2011.01.26 14:09:32.240,0.72401,0.72448,2.63,2.40
2011.01.26 14:09:32.860,0.72401,0.72448,2.70,2.40
2011.01.26 14:09:32.966,0.72401,0.72448,2.63,2.55
2011.01.26 14:09:33.848,0.72401,0.72448,2.63,2.40
2011.01.26 14:09:36.295,0.72398,0.72445,2.97,2.25
2011.01.26 14:09:36.405,0.72398,0.72445,2.82,2.40
2011.01.26 14:09:36.954,0.72398,0.72445,2.82,2.25
2011.01.26 14:09:37.069,0.72398,0.72445,2.89,2.33
2011.01.26 14:09:37.427,0.72401,0.72448,2.70,2.33
2011.01.26 14:09:38.098,0.72401,0.72448,2.63,2.55
2011.01.26 14:09:39.423,0.72401,0.72448,2.78,2.40
2011.01.26 14:09:43.727,0.72401,0.72448,2.63,2.40
2011.01.26 14:09:44.350,0.72401,0.72448,2.63,2.40
2011.01.26 14:09:44.739,0.72401,0.72448,2.70,2.33
2011.01.26 14:09:45.949,0.72401,0.72448,2.63,2.40
2011.01.26 14:09:46.219,0.72401,0.72448,2.70,2.33
2011.01.26 14:09:47.321,0.72405,0.7245,2.44,2.33
2011.01.26 14:09:48.149,0.72405,0.7245,2.44,2.25
2011.01.26 14:09:48.823,0.72405,0.7245,2.44,2.40
2011.01.26 14:09:49.046,0.72405,0.7245,2.52,2.25
2011.01.26 14:09:49.485,0.72411,0.72458,2.25,2.78
2011.01.26 14:09:50.112,0.72411,0.72458,2.25,6.23
2011.01.26 14:09:50.228,0.72411,0.72458,2.25,2.78
2011.01.26 14:09:50.896,0.72411,0.72455,2.25,1.28
2011.01.26 14:09:51.165,0.72407,0.72454,2.25,5.97
2011.01.26 14:09:51.967,0.72407,0.72454,2.25,2.59
2011.01.26 14:09:53.998,0.72412,0.72457,2.25,2.70
2011.01.26 14:09:59.000,0.72412,0.72457,2.25,2.78
2011.01.26 14:09:59.326,0.72415,0.72462,2.25,6.34
2011.01.26 14:09:59.660,0.72415,0.72462,2.25,3.12
2011.01.26 14:09:59.801,0.72415,0.72462,2.25,6.34
2011.01.26 14:10:00.411,0.72418,0.72465,2.25,1.32
2011.01.26 14:10:00.626,0.72418,0.72466,2.63,3.19
2011.01.26 14:10:01.329,0.72418,0.72466,2.70,2.44
2011.01.26 14:10:01.657,0.72418,0.72463,2.25,2.25
2011.01.26 14:10:01.782,0.72418,0.72463,2.40,2.25
2011.01.26 14:10:02.008,0.72418,0.72466,2.33,6.27
2011.01.26 14:10:02.115,0.72418,0.72466,2.40,2.82
2011.01.26 14:10:02.687,0.72418,0.72463,2.40,2.25
2011.01.26 14:10:03.210,0.72418,0.72466,2.33,2.82
2011.01.26 14:10:05.083,0.72417,0.72464,2.33,2.52
2011.01.26 14:10:05.306,0.72417,0.72464,3.27,2.25
2011.01.26 14:10:05.416,0.72418,0.72472,2.52,2.52
2011.01.26 14:10:05.989,0.7243,0.72481,1.32,2.25
2011.01.26 14:10:06.096,0.72436,0.72483,2.25,2.97
2011.01.26 14:10:06.681,0.72436,0.72483,2.44,2.78
2011.01.26 14:10:06.767,0.72435,0.72487,3.57,2.33
2011.01.26 14:10:07.637,0.72438,0.7249,2.44,2.52
2011.01.26 14:10:08.718,0.72435,0.72487,2.82,2.25
2011.01.26 14:10:09.335,0.72434,0.72489,2.44,2.33
2011.01.26 14:10:10.749,0.72434,0.72487,2.25,1.39
2011.01.26 14:10:11.374,0.72435,0.7248,2.25,2.63
2011.01.26 14:10:12.376,0.72435,0.7248,2.33,2.70
2011.01.26 14:10:13.540,0.72435,0.7248,2.25,2.70
2011.01.26 14:10:14.119,0.7243,0.72477,2.70,2.25
2011.01.26 14:10:14.230,0.7243,0.72477,2.25,2.82
2011.01.26 14:10:15.791,0.7243,0.72477,2.40,2.97
2011.01.26 14:10:16.896,0.7243,0.72477,2.25,2.59
2011.01.26 14:10:16.999,0.72428,0.72473,2.44,2.33
2011.01.26 14:10:17.946,0.7243,0.72477,2.25,2.82
2011.01.26 14:10:18.058,0.7243,0.72477,2.25,2.97
2011.01.26 14:10:18.166,0.72428,0.72473,2.44,2.40
2011.01.26 14:10:18.278,0.72428,0.7248,2.44,2.52
2011.01.26 14:10:18.999,0.72427,0.72481,2.52,2.44
2011.01.26 14:10:19.106,0.72427,0.72481,2.33,3.19
2011.01.26 14:10:19.309,0.72427,0.72481,2.33,2.44
2011.01.26 14:10:19.826,0.7243,0.72477,2.25,2.82
2011.01.26 14:10:20.188,0.7243,0.72477,2.33,2.82
2011.01.26 14:10:20.778,0.7243,0.72477,2.25,2.89
2011.01.26 14:10:21.505,0.7243,0.72477,2.25,3.12
2011.01.26 14:10:22.477,0.72428,0.72473,2.40,2.59
2011.01.26 14:10:23.320,0.72427,0.72474,2.59,2.25
2011.01.26 14:10:23.428,0.72427,0.72474,2.52,2.25
2011.01.26 14:10:25.174,0.72427,0.72474,2.59,2.40
2011.01.26 14:10:26.048,0.72427,0.72474,2.59,2.25
2011.01.26 14:10:26.158,0.72427,0.72474,2.97,2.44
2011.01.26 14:10:27.158,0.72427,0.72474,2.97,2.44
2011.01.26 14:10:27.375,0.72431,0.72478,2.89,2.33
2011.01.26 14:10:28.049,0.72434,0.72481,2.25,2.97
2011.01.26 14:10:28.587,0.72434,0.72481,2.25,2.82
2011.01.26 14:10:28.812,0.72434,0.72481,2.25,2.89
2011.01.26 14:10:28.925,0.72434,0.72481,2.25,2.82
2011.01.26 14:10:29.455,0.72434,0.72481,2.44,2.25
2011.01.26 14:10:30.080,0.72435,0.72488,2.44,2.52
2011.01.26 14:10:31.171,0.72435,0.72488,2.44,6.27
2011.01.26 14:10:31.275,0.72435,0.72486,2.25,1.32
2011.01.26 14:10:31.878,0.72434,0.72481,2.25,2.63
2011.01.26 14:10:32.095,0.72435,0.72488,2.25,3.34
2011.01.26 14:10:32.206,0.72435,0.72486,2.25,1.39
2011.01.26 14:10:33.345,0.72434,0.72481,2.25,2.63
2011.01.26 14:10:34.008,0.72434,0.72481,2.25,2.70
2011.01.26 14:10:34.575,0.72434,0.72481,2.25,2.78
2011.01.26 14:10:35.179,0.72434,0.72481,2.25,2.63
2011.01.26 14:10:35.396,0.72435,0.72488,2.44,2.74
2011.01.26 14:10:35.628,0.72435,0.72485,2.25,1.09
2011.01.26 14:10:35.847,0.72431,0.72485,2.44,3.27
2011.01.26 14:10:36.559,0.72431,0.72485,2.52,3.27
2011.01.26 14:10:36.808,0.72431,0.72485,2.44,3.27
2011.01.26 14:10:36.916,0.72431,0.72485,2.52,8.14
2011.01.26 14:10:37.245,0.72431,0.72476,2.25,2.63
2011.01.26 14:10:38.548,0.72431,0.72476,2.25,2.70
2011.01.26 14:10:38.766,0.72431,0.72476,2.25,2.63
2011.01.26 14:10:39.060,0.72431,0.72476,2.25,2.70
2011.01.26 14:10:39.390,0.72431,0.72476,2.25,2.63
2011.01.26 14:10:39.506,0.72431,0.72476,2.25,6.15
2011.01.26 14:10:40.179,0.72428,0.7248,2.44,2.52
2011.01.26 14:10:41.687,0.72428,0.7248,2.25,2.59
2011.01.26 14:10:42.452,0.72427,0.72472,2.25,2.63
2011.01.26 14:10:42.996,0.72427,0.72472,2.25,2.63
2011.01.26 14:10:43.107,0.72423,0.72468,2.33,2.63
2011.01.26 14:10:44.117,0.72423,0.72468,2.70,2.25
2011.01.26 14:10:44.226,0.72426,0.72473,2.63,2.33
2011.01.26 14:10:44.446,0.72431,0.72476,2.25,2.82
2011.01.26 14:10:45.566,0.72431,0.72476,2.25,6.27
2011.01.26 14:10:47.728,0.72431,0.72476,2.25,2.82
2011.01.26 14:10:50.493,0.72431,0.72476,2.25,6.27
2011.01.26 14:10:51.757,0.72431,0.72476,2.25,2.82
2011.01.26 14:10:52.917,0.72431,0.72476,2.25,2.52
2011.01.26 14:10:53.029,0.72431,0.72476,2.44,2.33
2011.01.26 14:10:53.277,0.72432,0.72484,2.44,2.52
2011.01.26 14:10:53.429,0.72432,0.72484,2.44,6.27
2011.01.26 14:10:53.957,0.72432,0.72479,2.25,1.32
2011.01.26 14:10:54.286,0.72431,0.72476,2.52,2.25
2011.01.26 14:10:54.396,0.72432,0.72484,2.52,3.27
2011.01.26 14:10:54.658,0.72432,0.72483,2.33,1.02
2011.01.26 14:10:55.771,0.72431,0.72476,2.25,2.82
2011.01.26 14:10:56.136,0.72431,0.72476,2.25,2.89
2011.01.26 14:10:58.048,0.72425,0.7247,2.89,2.25
2011.01.26 14:10:58.723,0.72428,0.72473,2.44,2.25
2011.01.26 14:11:01.035,0.72424,0.72471,2.89,2.25
2011.01.26 14:11:01.298,0.72428,0.72479,1.02,2.52
2011.01.26 14:11:04.468,0.72428,0.72479,1.02,2.89
2011.01.26 14:11:04.577,0.72426,0.72479,2.63,6.63
2011.01.26 14:11:05.420,0.72424,0.72471,2.44,2.25
2011.01.26 14:11:05.530,0.72431,0.72479,2.25,2.59
2011.01.26 14:11:05.747,0.72431,0.72485,2.44,3.34
2011.01.26 14:11:06.448,0.72431,0.72485,2.44,8.22
2011.01.26 14:11:06.559,0.72431,0.72476,2.25,2.82
2011.01.26 14:11:07.238,0.72431,0.72476,2.25,2.89
2011.01.26 14:11:08.006,0.72431,0.72476,2.25,2.82
2011.01.26 14:11:08.270,0.72431,0.72476,2.25,2.89
2011.01.26 14:11:08.377,0.72431,0.72476,2.25,2.82
2011.01.26 14:11:09.675,0.72431,0.72476,2.25,2.89
2011.01.26 14:11:09.937,0.72431,0.72476,2.25,2.82
2011.01.26 14:11:10.047,0.72427,0.72474,2.44,2.25
2011.01.26 14:11:10.624,0.7243,0.72477,2.25,2.97
2011.01.26 14:11:10.953,0.7243,0.72477,2.25,2.97
2011.01.26 14:11:11.139,0.7243,0.72477,2.25,2.82
2011.01.26 14:11:12.416,0.7243,0.72477,2.25,2.89
2011.01.26 14:11:13.596,0.72428,0.72473,2.44,2.33
2011.01.26 14:11:15.942,0.72425,0.7247,3.19,2.25
2011.01.26 14:11:16.048,0.72426,0.72479,2.44,2.52
2011.01.26 14:11:19.477,0.72427,0.72481,2.25,8.14
2011.01.26 14:11:19.588,0.72423,0.72478,2.33,2.89
2011.01.26 14:11:20.065,0.72423,0.72477,2.33,1.02
2011.01.26 14:11:20.638,0.72422,0.72469,2.25,2.63
2011.01.26 14:11:21.209,0.72422,0.72469,2.44,2.25
2011.01.26 14:11:21.321,0.72424,0.72477,2.25,2.59
2011.01.26 14:11:21.436,0.72424,0.72475,2.25,4.39
2011.01.26 14:11:21.996,0.72423,0.72468,2.25,2.63
2011.01.26 14:11:22.497,0.72423,0.72468,2.25,2.70
2011.01.26 14:11:22.890,0.72423,0.72468,2.25,2.78
2011.01.26 14:11:23.297,0.72423,0.72468,2.33,2.70
2011.01.26 14:11:23.406,0.72423,0.72468,2.25,2.78
2011.01.26 14:11:24.098,0.72421,0.72468,2.25,2.70
2011.01.26 14:11:24.944,0.72423,0.72468,2.25,2.70
2011.01.26 14:11:25.059,0.72423,0.72468,2.25,2.70
2011.01.26 14:11:25.797,0.72423,0.72468,2.33,2.70
2011.01.26 14:11:26.985,0.72423,0.72468,2.25,2.78
2011.01.26 14:11:27.099,0.72422,0.72467,2.33,2.25
2011.01.26 14:11:27.696,0.72423,0.72468,2.40,2.63
2011.01.26 14:11:28.267,0.72423,0.72472,2.33,1.39
2011.01.26 14:11:31.195,0.72422,0.72467,2.40,2.44
2011.01.26 14:11:31.646,0.72422,0.72467,2.78,2.44
2011.01.26 14:11:32.550,0.72429,0.72471,2.25,2.97
2011.01.26 14:11:32.658,0.72432,0.72477,2.44,2.44
2011.01.26 14:11:33.454,0.72432,0.72478,2.52,1.39
2011.01.26 14:11:34.708,0.72431,0.72476,2.44,2.52
2011.01.26 14:11:35.430,0.72432,0.72476,2.07,2.25
2011.01.26 14:11:35.756,0.72439,0.72482,2.25,2.97
2011.01.26 14:11:36.876,0.72439,0.72482,3.19,2.59
2011.01.26 14:11:39.176,0.72442,0.72487,2.25,3.19
2011.01.26 14:11:39.789,0.72433,0.72478,2.25,2.82
2011.01.26 14:11:43.555,0.72433,0.72478,2.25,6.45
2011.01.26 14:11:44.737,0.72431,0.72476,2.25,2.52
2011.01.26 14:11:45.397,0.72432,0.72479,2.25,2.97
2011.01.26 14:11:46.617,0.72432,0.72479,2.25,6.49
2011.01.26 14:11:48.601,0.72432,0.72479,2.25,3.87
2011.01.26 14:11:48.720,0.72428,0.72475,2.25,2.89
2011.01.26 14:11:48.826,0.72428,0.72475,2.25,2.97
2011.01.26 14:11:49.267,0.72428,0.72475,2.25,2.97
2011.01.26 14:11:49.413,0.72428,0.72475,2.25,3.12
2011.01.26 14:11:49.769,0.72428,0.72475,2.25,2.97
2011.01.26 14:11:52.140,0.72429,0.72472,2.63,2.82
2011.01.26 14:11:53.167,0.72429,0.72472,2.63,3.12
2011.01.26 14:11:53.880,0.72429,0.72472,2.63,2.82
2011.01.26 14:11:53.990,0.72429,0.72474,2.25,3.27
2011.01.26 14:11:54.206,0.72429,0.72474,2.25,3.57
2011.01.26 14:11:54.425,0.72425,0.72469,2.70,4.32
2011.01.26 14:11:55.198,0.72425,0.72469,2.70,4.32
2011.01.26 14:11:57.039,0.72429,0.7247,2.25,1.32
2011.01.26 14:11:57.586,0.72428,0.7247,2.82,2.59
2011.01.26 14:11:58.283,0.72428,0.7247,2.82,1.32
2011.01.26 14:11:58.401,0.72432,0.72477,2.44,1.09
2011.01.26 14:11:58.709,0.72432,0.72473,2.25,1.09
2011.01.26 14:11:58.925,0.72428,0.72472,2.52,1.02
2011.01.26 14:12:00.449,0.72428,0.72472,2.44,1.02
2011.01.26 14:12:01.481,0.72428,0.72472,2.44,1.02
2011.01.26 14:12:01.925,0.72428,0.72472,2.44,1.09
2011.01.26 14:12:03.067,0.72428,0.72472,2.44,2.40
2011.01.26 14:12:03.821,0.72425,0.7247,2.25,2.97
2011.01.26 14:12:05.428,0.72425,0.72468,2.25,1.02
2011.01.26 14:12:06.042,0.72424,0.72467,2.25,2.82
2011.01.26 14:12:06.147,0.72422,0.72463,2.25,2.63
2011.01.26 14:12:09.677,0.72421,0.72464,2.25,2.97
2011.01.26 14:12:10.281,0.72421,0.72464,2.25,6.63
2011.01.26 14:12:10.410,0.72421,0.72464,2.25,2.97
2011.01.26 14:12:11.570,0.72421,0.72464,2.25,6.63
2011.01.26 14:12:11.718,0.72421,0.72464,2.25,2.89
2011.01.26 14:12:13.493,0.72421,0.72464,2.25,6.63
2011.01.26 14:12:17.423,0.72421,0.72464,2.25,2.89
2011.01.26 14:12:22.797,0.72421,0.72465,3.57,2.44
2011.01.26 14:12:23.398,0.72424,0.72471,2.25,6.34
2011.01.26 14:12:26.210,0.72424,0.72471,2.25,2.82
2011.01.26 14:12:26.317,0.72424,0.72467,2.25,1.32
2011.01.26 14:12:26.883,0.72421,0.72465,2.33,2.82
2011.01.26 14:12:27.001,0.72433,0.72474,2.63,2.22
2011.01.26 14:12:28.555,0.7243,0.72471,2.82,2.25
2011.01.26 14:12:29.422,0.72434,0.72473,2.25,1.32
2011.01.26 14:12:30.392,0.72434,0.72473,2.25,2.52
2011.01.26 14:12:30.619,0.7243,0.72469,2.25,1.32
2011.01.26 14:12:31.245,0.7243,0.72469,2.33,1.32
2011.01.26 14:12:31.360,0.7243,0.72469,2.25,1.32
2011.01.26 14:12:34.705,0.7243,0.72468,2.25,1.32
2011.01.26 14:12:34.928,0.72421,0.72465,10.24,2.82
2011.01.26 14:12:35.146,0.72421,0.72465,2.97,2.82
2011.01.26 14:12:35.808,0.72424,0.72465,2.25,2.82
2011.01.26 14:12:36.382,0.72421,0.72465,2.89,2.82
2011.01.26 14:12:38.519,0.72421,0.7246,2.63,1.32
2011.01.26 14:12:38.628,0.72421,0.72464,2.63,1.32
2011.01.26 14:12:39.335,0.72421,0.72464,2.78,1.32
2011.01.26 14:12:39.966,0.72421,0.72464,2.63,2.52
2011.01.26 14:12:40.070,0.72424,0.72464,2.25,2.52
2011.01.26 14:12:40.287,0.72421,0.72464,2.70,1.32
2011.01.26 14:12:41.338,0.72421,0.72464,2.63,1.32
2011.01.26 14:12:42.389,0.72421,0.72464,2.70,1.32
2011.01.26 14:12:43.265,0.72421,0.72464,2.70,1.32
2011.01.26 14:12:43.488,0.72421,0.72464,2.63,2.52
2011.01.26 14:12:45.082,0.72421,0.72464,2.70,1.32
2011.01.26 14:12:45.306,0.72422,0.72465,1.47,2.44
2011.01.26 14:12:45.678,0.72424,0.72471,2.25,2.82
2011.01.26 14:12:46.311,0.72424,0.72471,2.25,2.89
2011.01.26 14:12:46.418,0.7242,0.72465,2.44,2.25
2011.01.26 14:12:47.126,0.7242,0.72465,2.44,2.33
2011.01.26 14:12:48.477,0.72422,0.72464,2.63,2.70
2011.01.26 14:12:50.209,0.72422,0.72464,2.25,8.14
2011.01.26 14:12:50.425,0.72418,0.72459,2.33,1.32
2011.01.26 14:12:53.445,0.72418,0.72459,2.40,1.32
2011.01.26 14:12:53.559,0.72418,0.72459,2.25,1.32
2011.01.26 14:13:05.978,0.72418,0.72459,2.25,2.70
2011.01.26 14:13:06.099,0.72418,0.72459,2.25,2.52
2011.01.26 14:13:06.357,0.72418,0.72459,2.25,2.59
2011.01.26 14:13:06.466,0.72418,0.72459,2.25,2.52
2011.01.26 14:13:07.208,0.72418,0.72459,2.25,2.70
2011.01.26 14:13:07.318,0.72418,0.72459,2.25,2.52
2011.01.26 14:13:07.427,0.72418,0.72459,2.25,2.59
2011.01.26 14:13:07.688,0.72418,0.72459,2.25,2.59
2011.01.26 14:13:12.425,0.72418,0.72459,2.25,2.70
2011.01.26 14:13:12.535,0.72418,0.72459,2.25,2.52
2011.01.26 14:13:12.759,0.72418,0.72459,2.25,2.70
2011.01.26 14:13:13.401,0.72418,0.72459,2.33,1.39
2011.01.26 14:13:13.626,0.72418,0.72459,2.25,2.59
2011.01.26 14:13:13.736,0.72418,0.72459,2.33,1.39
2011.01.26 14:13:18.526,0.72417,0.72458,2.25,6.34
2011.01.26 14:13:19.180,0.72407,0.72447,2.40,1.32
2011.01.26 14:13:20.228,0.72407,0.72447,2.33,1.32
2011.01.26 14:13:20.812,0.72407,0.72443,2.33,1.32
2011.01.26 14:13:20.930,0.72397,0.72431,2.52,1.32
2011.01.26 14:13:21.037,0.72397,0.7243,2.25,1.32
2011.01.26 14:13:21.146,0.72393,0.7243,2.44,1.32
2011.01.26 14:13:21.257,0.72394,0.72435,1.32,3.57
2011.01.26 14:13:21.746,0.72398,0.72438,3.57,2.44
2011.01.26 14:13:22.281,0.72398,0.7244,3.57,3.57
2011.01.26 14:13:22.400,0.72407,0.72444,2.25,1.32
2011.01.26 14:13:23.327,0.72407,0.72448,2.25,1.32
2011.01.26 14:13:23.547,0.72407,0.7245,2.52,3.94
2011.01.26 14:13:23.656,0.7241,0.7245,2.25,1.69
2011.01.26 14:13:24.449,0.72408,0.72453,2.25,2.89
2011.01.26 14:13:25.448,0.72409,0.72456,2.25,8.14
2011.01.26 14:13:26.590,0.72407,0.72454,2.25,6.27
2011.01.26 14:13:26.699,0.72409,0.72456,2.25,8.14
2011.01.26 14:13:26.809,0.72407,0.72454,2.25,6.27
2011.01.26 14:13:29.289,0.72407,0.72449,2.33,1.69
2011.01.26 14:13:29.397,0.72404,0.72448,2.33,2.82
2011.01.26 14:13:29.879,0.72404,0.72445,2.33,1.32
2011.01.26 14:13:29.989,0.72398,0.72443,2.33,2.44
2011.01.26 14:13:30.229,0.72398,0.72443,2.33,2.44
2011.01.26 14:13:30.365,0.72398,0.72443,2.33,2.44
2011.01.26 14:13:30.934,0.72401,0.72448,2.25,6.27
2011.01.26 14:13:31.044,0.72395,0.72446,2.82,2.44
2011.01.26 14:13:31.157,0.72402,0.72447,2.25,2.44
2011.01.26 14:13:35.243,0.72408,0.72449,2.44,2.07
2011.01.26 14:13:35.359,0.72408,0.72452,2.44,1.47
2011.01.26 14:13:36.266,0.72408,0.72453,2.25,2.97
2011.01.26 14:13:37.476,0.72412,0.72457,2.25,3.57
2011.01.26 14:13:37.591,0.72412,0.72457,2.25,2.52
2011.01.26 14:13:39.367,0.72412,0.72457,2.33,2.52
2011.01.26 14:13:40.760,0.72412,0.72457,2.25,2.44
2011.01.26 14:13:41.546,0.72412,0.72457,2.33,2.44
2011.01.26 14:13:42.309,0.72412,0.72457,2.33,2.44
2011.01.26 14:13:45.397,0.72412,0.72457,2.33,3.19
2011.01.26 14:13:45.507,0.72405,0.72452,2.25,2.82
2011.01.26 14:13:46.000,0.72405,0.72452,2.33,2.82
2011.01.26 14:13:46.114,0.72413,0.7246,2.25,2.82
2011.01.26 14:13:48.076,0.72413,0.72458,2.25,2.97
2011.01.26 14:13:48.185,0.72409,0.72456,2.25,2.82
2011.01.26 14:13:48.871,0.72406,0.72451,2.25,2.82
2011.01.26 14:13:49.519,0.72406,0.72451,2.33,2.82
2011.01.26 14:13:50.089,0.72406,0.72451,2.33,2.82
2011.01.26 14:13:50.853,0.72405,0.7245,2.25,2.44
2011.01.26 14:13:50.969,0.72409,0.72456,2.25,2.82
2011.01.26 14:13:51.076,0.72414,0.72457,2.25,2.07
2011.01.26 14:13:51.296,0.72414,0.72459,2.25,2.89
2011.01.26 14:13:53.227,0.72414,0.72459,2.25,2.82
2011.01.26 14:13:53.786,0.72414,0.72459,2.25,2.44
2011.01.26 14:13:53.896,0.72409,0.72456,2.25,2.44
2011.01.26 14:13:54.927,0.72405,0.72452,2.25,2.82
2011.01.26 14:13:59.577,0.72405,0.72452,2.25,6.45
2011.01.26 14:13:59.796,0.72405,0.72452,2.25,2.82
2011.01.26 14:14:01.936,0.72405,0.72452,2.33,2.89
2011.01.26 14:14:02.247,0.72405,0.72452,2.25,2.97
2011.01.26 14:14:02.979,0.72413,0.72454,2.25,2.78
2011.01.26 14:14:03.088,0.72414,0.72461,2.25,6.34
2011.01.26 14:14:04.637,0.72412,0.72457,2.82,2.33
2011.01.26 14:14:17.049,0.72412,0.72457,2.97,2.33
2011.01.26 14:14:17.376,0.72412,0.72457,2.40,2.89
2011.01.26 14:14:17.973,0.72412,0.72457,2.33,2.82
2011.01.26 14:14:18.548,0.72412,0.72457,2.33,2.97
2011.01.26 14:14:18.660,0.72409,0.72456,2.44,2.52
2011.01.26 14:14:19.042,0.72409,0.72456,2.52,2.52
2011.01.26 14:14:19.822,0.72409,0.72456,2.44,2.59
2011.01.26 14:14:20.357,0.72405,0.72452,2.44,2.97
2011.01.26 14:14:21.254,0.72399,0.72446,2.25,2.82
2011.01.26 14:14:22.075,0.72399,0.72444,2.25,2.52
2011.01.26 14:14:22.190,0.72399,0.72444,2.63,2.44
2011.01.26 14:14:23.359,0.72399,0.72444,2.25,2.44
2011.01.26 14:14:23.473,0.72399,0.72444,2.63,2.52
2011.01.26 14:14:24.227,0.72399,0.72444,2.25,2.52
2011.01.26 14:14:24.339,0.72399,0.72444,2.25,2.44
2011.01.26 14:14:24.865,0.72399,0.72444,2.25,2.52
2011.01.26 14:14:27.638,0.72399,0.72444,2.25,2.44
2011.01.26 14:14:28.825,0.72399,0.72444,2.25,2.59
2011.01.26 14:14:29.529,0.72399,0.72444,2.25,2.44
2011.01.26 14:14:33.392,0.72399,0.72444,2.33,2.44
2011.01.26 14:14:34.322,0.72399,0.72444,2.25,2.52
2011.01.26 14:14:34.476,0.72399,0.72444,2.33,2.44
2011.01.26 14:14:35.078,0.72399,0.72444,2.40,2.44
2011.01.26 14:14:38.719,0.72402,0.72447,2.40,2.97
2011.01.26 14:14:40.204,0.72402,0.72447,2.25,2.97
2011.01.26 14:14:40.726,0.724,0.72445,2.40,2.44
2011.01.26 14:14:45.023,0.72399,0.72446,2.63,2.44
2011.01.26 14:14:45.528,0.72399,0.72446,2.78,2.44
2011.01.26 14:14:47.527,0.72399,0.72446,2.25,2.82
2011.01.26 14:14:50.527,0.72399,0.72446,2.40,2.82
2011.01.26 14:14:52.257,0.72402,0.72447,2.25,2.82
2011.01.26 14:14:53.224,0.72402,0.72447,2.40,2.82
2011.01.26 14:14:53.931,0.72402,0.72447,2.40,2.63
2011.01.26 14:14:54.053,0.72402,0.72447,2.89,2.25
2011.01.26 14:14:54.641,0.72405,0.7245,2.63,1.50
2011.01.26 14:14:54.751,0.72405,0.72452,2.25,2.97
2011.01.26 14:14:54.989,0.72405,0.72452,2.25,2.97
2011.01.26 14:14:56.289,0.72405,0.72452,2.25,2.97
2011.01.26 14:14:56.396,0.72405,0.72452,2.25,3.12
2011.01.26 14:14:57.218,0.72405,0.72452,2.25,2.89
2011.01.26 14:14:57.437,0.72405,0.72452,2.25,2.97
2011.01.26 14:14:57.549,0.72405,0.72452,2.25,2.82
2011.01.26 14:14:58.047,0.72402,0.72447,2.25,2.25
2011.01.26 14:14:58.946,0.72402,0.72447,2.33,2.33
2011.01.26 14:14:59.528,0.72402,0.72447,2.33,2.25
2011.01.26 14:15:00.670,0.72402,0.72447,2.33,2.33
2011.01.26 14:15:01.312,0.72402,0.72447,2.25,2.33
2011.01.26 14:15:01.428,0.72402,0.72447,2.33,2.33
2011.01.26 14:15:02.006,0.72402,0.72447,2.25,2.25
2011.01.26 14:15:02.246,0.72402,0.72447,2.25,2.82
2011.01.26 14:15:02.899,0.724,0.72441,2.25,2.63
2011.01.26 14:15:05.992,0.724,0.72441,2.63,2.25
2011.01.26 14:15:06.109,0.72403,0.72446,2.25,6.27
2011.01.26 14:15:07.181,0.72403,0.72445,2.63,1.09
2011.01.26 14:15:08.777,0.72403,0.72445,2.25,1.39
2011.01.26 14:15:10.329,0.72403,0.72445,2.63,1.32
2011.01.26 14:15:11.002,0.72406,0.72447,2.25,2.70
2011.01.26 14:15:11.125,0.72404,0.72445,2.63,2.44
2011.01.26 14:15:11.817,0.72395,0.72438,2.70,2.44
2011.01.26 14:15:11.930,0.72401,0.72448,2.25,2.59
2011.01.26 14:15:15.437,0.72401,0.72448,2.25,6.63
2011.01.26 14:15:15.547,0.72399,0.72442,2.25,2.70
2011.01.26 14:15:16.954,0.72399,0.72442,2.25,2.78
2011.01.26 14:15:17.074,0.72402,0.72447,2.25,2.59
2011.01.26 14:15:17.298,0.72399,0.72442,2.25,2.25
2011.01.26 14:15:17.407,0.72399,0.72442,2.25,2.63
2011.01.26 14:15:22.171,0.72399,0.72442,2.25,2.63
2011.01.26 14:15:22.278,0.72399,0.72442,2.25,2.33
2011.01.26 14:15:22.496,0.72401,0.72448,2.25,5.97
2011.01.26 14:15:24.127,0.72399,0.72442,2.25,2.70
2011.01.26 14:15:25.439,0.72399,0.72442,2.25,2.70
2011.01.26 14:15:26.669,0.72399,0.72442,2.25,2.63
2011.01.26 14:15:29.878,0.724,0.72441,2.25,2.63
2011.01.26 14:15:30.665,0.72399,0.7244,2.25,2.63
2011.01.26 14:15:33.473,0.72399,0.72442,2.25,2.33
2011.01.26 14:15:33.587,0.72401,0.72448,2.25,2.59
2011.01.26 14:15:33.697,0.72401,0.72448,2.25,6.34
2011.01.26 14:15:34.278,0.724,0.72441,2.25,2.82
2011.01.26 14:15:37.378,0.72405,0.72446,2.25,2.89
2011.01.26 14:15:37.990,0.72408,0.72451,2.63,2.44
2011.01.26 14:15:38.901,0.72408,0.72451,2.63,2.44
2011.01.26 14:15:40.949,0.72408,0.72451,2.63,2.59
2011.01.26 14:15:41.058,0.72408,0.72451,2.63,2.97
2011.01.26 14:15:41.744,0.72408,0.72451,2.25,2.82
2011.01.26 14:15:41.862,0.72414,0.72459,2.25,2.40
2011.01.26 14:15:41.967,0.7241,0.72455,2.25,2.25
2011.01.26 14:15:42.586,0.72414,0.72459,2.25,2.40
2011.01.26 14:15:43.161,0.7241,0.72454,2.63,2.70
2011.01.26 14:15:44.580,0.7241,0.72454,2.63,2.97
2011.01.26 14:15:46.009,0.7241,0.72454,2.63,6.34
2011.01.26 14:15:46.337,0.72422,0.72458,2.63,1.09
2011.01.26 14:15:46.446,0.72422,0.72463,2.63,1.09
2011.01.26 14:15:46.797,0.72422,0.72457,2.25,1.09
2011.01.26 14:15:47.408,0.72411,0.72453,2.25,3.64
2011.01.26 14:15:47.516,0.72414,0.72453,2.25,1.39
2011.01.26 14:15:47.626,0.72411,0.72453,2.25,3.64
2011.01.26 14:15:52.096,0.72407,0.72449,2.89,2.44
2011.01.26 14:15:52.216,0.72409,0.72456,2.44,3.19
2011.01.26 14:15:53.102,0.72409,0.72456,2.25,2.25
2011.01.26 14:16:05.976,0.72409,0.72456,2.25,2.44
2011.01.26 14:16:10.231,0.72407,0.72449,2.33,2.63
2011.01.26 14:16:10.936,0.72407,0.72449,2.25,2.63
2011.01.26 14:16:11.547,0.72407,0.72449,2.33,2.63
2011.01.26 14:16:12.176,0.72405,0.72446,2.70,2.25
2011.01.26 14:16:13.427,0.72407,0.72449,2.25,2.70
2011.01.26 14:16:13.896,0.72405,0.72448,2.63,2.63
2011.01.26 14:16:14.536,0.72403,0.72444,2.63,2.25
2011.01.26 14:16:15.199,0.72403,0.72444,2.78,2.25
2011.01.26 14:16:15.309,0.72403,0.72444,3.72,2.25
2011.01.26 14:16:15.418,0.72404,0.72451,2.44,2.40
2011.01.26 14:16:16.408,0.72404,0.72451,2.44,2.25
2011.01.26 14:16:16.778,0.72404,0.72451,2.25,2.78
2011.01.26 14:16:17.276,0.72401,0.72446,2.25,2.25
2011.01.26 14:16:17.907,0.72398,0.72445,2.97,2.25
2011.01.26 14:16:18.020,0.72398,0.72445,2.44,2.25
2011.01.26 14:16:18.855,0.72398,0.72445,2.44,2.40
2011.01.26 14:16:19.207,0.72398,0.72445,2.44,2.40
2011.01.26 14:16:19.641,0.72398,0.72445,2.59,2.40
2011.01.26 14:16:20.809,0.72398,0.72445,2.44,2.33
2011.01.26 14:16:21.838,0.72398,0.72445,2.52,2.40
2011.01.26 14:16:22.710,0.72401,0.72446,2.25,2.40
2011.01.26 14:16:23.206,0.72397,0.72444,2.25,2.78
2011.01.26 14:16:23.685,0.72397,0.72444,2.33,2.70
2011.01.26 14:16:25.218,0.72397,0.72444,2.25,8.22
2011.01.26 14:16:26.237,0.72395,0.72438,2.25,2.70
2011.01.26 14:16:27.048,0.72395,0.72438,2.25,2.78
2011.01.26 14:16:28.435,0.72395,0.72438,2.44,2.89
2011.01.26 14:16:30.248,0.72395,0.72438,2.44,6.34
2011.01.26 14:16:34.258,0.72395,0.72438,2.44,2.89
2011.01.26 14:16:42.209,0.72395,0.72438,2.52,2.89
2011.01.26 14:16:42.904,0.72399,0.72442,2.52,3.64
2011.01.26 14:16:43.019,0.72399,0.7244,2.44,2.82
2011.01.26 14:16:43.752,0.724,0.72441,2.25,2.82
2011.01.26 14:16:44.256,0.724,0.72441,2.63,2.82
2011.01.26 14:16:44.367,0.72404,0.72445,2.25,2.97
2011.01.26 14:16:45.090,0.72405,0.72447,2.63,1.09
2011.01.26 14:16:45.199,0.72405,0.72448,2.63,2.70
2011.01.26 14:16:46.400,0.72405,0.72448,2.70,2.70
2011.01.26 14:16:47.516,0.72405,0.72448,2.63,6.15
2011.01.26 14:16:48.330,0.72405,0.72448,2.63,2.78
2011.01.26 14:16:49.979,0.72405,0.72448,2.70,2.70
2011.01.26 14:16:51.739,0.72406,0.72449,2.25,1.32
2011.01.26 14:16:52.317,0.72402,0.72445,2.40,3.57
2011.01.26 14:16:57.468,0.724,0.72443,2.89,2.89
2011.01.26 14:16:58.329,0.724,0.72443,2.97,2.82
2011.01.26 14:16:59.000,0.724,0.72442,2.82,2.97
2011.01.26 14:16:59.707,0.72403,0.72445,1.32,2.25
2011.01.26 14:17:00.902,0.72406,0.7245,2.44,3.57
2011.01.26 14:17:01.338,0.72406,0.7245,2.25,2.82
2011.01.26 14:17:01.447,0.72406,0.72447,2.25,1.32
2011.01.26 14:17:01.556,0.72406,0.7245,2.44,2.89
2011.01.26 14:17:05.456,0.72406,0.7245,2.82,6.34
2011.01.26 14:17:05.676,0.72411,0.72453,2.25,2.97
2011.01.26 14:17:07.376,0.72411,0.72453,2.25,2.97
2011.01.26 14:17:08.275,0.7241,0.72451,2.63,2.78
2011.01.26 14:17:08.392,0.72412,0.72457,2.44,2.52
2011.01.26 14:17:08.507,0.72412,0.72457,2.44,2.59
2011.01.26 14:17:08.730,0.72412,0.72457,2.44,2.52
2011.01.26 14:17:08.916,0.72412,0.72457,2.44,2.59
2011.01.26 14:17:09.026,0.72412,0.72457,2.44,2.52
2011.01.26 14:17:09.510,0.72412,0.72457,2.44,2.33
2011.01.26 14:17:09.836,0.72418,0.72461,2.63,2.78
2011.01.26 14:17:10.616,0.72418,0.72461,2.63,2.63
2011.01.26 14:17:11.576,0.72418,0.72461,2.63,2.70
2011.01.26 14:17:13.050,0.72418,0.72461,2.63,6.15
2011.01.26 14:17:13.158,0.72418,0.72461,2.63,2.70
2011.01.26 14:17:13.267,0.72418,0.72461,2.25,2.70
2011.01.26 14:17:13.378,0.72414,0.72458,2.82,2.89
2011.01.26 14:17:15.071,0.72415,0.72457,2.63,2.78
2011.01.26 14:17:16.855,0.72415,0.72457,2.63,2.70
2011.01.26 14:17:20.906,0.72415,0.72457,2.63,2.63
2011.01.26 14:17:21.019,0.72417,0.72458,2.25,2.70
2011.01.26 14:17:21.914,0.72417,0.72461,2.33,6.27
2011.01.26 14:17:22.250,0.72418,0.72458,2.63,2.07
2011.01.26 14:17:22.776,0.7242,0.72458,2.25,2.07
2011.01.26 14:17:22.892,0.72424,0.72465,2.63,2.25
2011.01.26 14:17:23.008,0.72424,0.72465,2.63,2.52
2011.01.26 14:17:23.119,0.7242,0.72467,3.94,6.27
2011.01.26 14:17:23.228,0.7242,0.72459,2.25,1.32
2011.01.26 14:17:23.726,0.72411,0.72458,2.44,2.82
2011.01.26 14:17:24.237,0.72411,0.72454,2.25,1.69
2011.01.26 14:17:24.566,0.72409,0.72451,2.25,2.63
2011.01.26 14:17:27.700,0.72401,0.72448,2.52,3.64
2011.01.26 14:17:29.132,0.72401,0.72447,2.82,1.32
2011.01.26 14:17:29.356,0.72408,0.72452,2.63,2.63
2011.01.26 14:17:29.844,0.72408,0.72452,2.25,2.25
2011.01.26 14:17:29.963,0.72412,0.72455,2.25,2.89
2011.01.26 14:17:30.067,0.72407,0.72454,2.89,2.52
2011.01.26 14:17:30.177,0.72409,0.72454,2.44,2.33
2011.01.26 14:17:30.397,0.72412,0.72457,2.44,2.82
2011.01.26 14:17:31.008,0.72412,0.72457,2.44,2.97
2011.01.26 14:17:31.118,0.72412,0.72457,2.44,2.82
2011.01.26 14:17:32.468,0.72412,0.72457,2.44,2.97
2011.01.26 14:17:32.686,0.72412,0.72457,2.44,2.82
2011.01.26 14:17:33.526,0.72412,0.72457,2.44,2.89
2011.01.26 14:17:33.638,0.72412,0.72457,2.44,2.82
2011.01.26 14:17:33.859,0.72421,0.72464,2.25,1.50
2011.01.26 14:17:33.966,0.72421,0.72466,2.25,2.82
2011.01.26 14:17:34.187,0.72421,0.72466,2.63,2.44
2011.01.26 14:17:34.919,0.72428,0.7247,2.25,2.78
2011.01.26 14:17:35.029,0.7243,0.72473,2.25,1.77
2011.01.26 14:17:35.138,0.7243,0.72473,2.44,2.14
2011.01.26 14:17:35.356,0.72428,0.7247,2.25,2.82
2011.01.26 14:17:36.807,0.72428,0.7247,2.44,2.25
2011.01.26 14:17:36.916,0.72431,0.72476,2.44,2.82
2011.01.26 14:17:37.748,0.72431,0.72476,2.44,6.27
2011.01.26 14:17:38.684,0.72431,0.72476,2.44,2.82
2011.01.26 14:17:38.917,0.72428,0.7247,2.40,2.63
2011.01.26 14:17:39.929,0.72428,0.7247,2.25,2.44
2011.01.26 14:17:40.037,0.72428,0.7247,2.44,2.25
2011.01.26 14:17:40.146,0.7243,0.72476,2.44,1.32
2011.01.26 14:17:40.766,0.7243,0.72476,2.44,1.32
2011.01.26 14:17:44.830,0.72428,0.72469,2.52,2.63
2011.01.26 14:17:45.694,0.72427,0.72471,2.44,2.63
2011.01.26 14:17:45.809,0.72421,0.72466,2.52,2.82
2011.01.26 14:17:46.027,0.72421,0.72466,6.63,2.82
2011.01.26 14:17:46.137,0.72421,0.72466,6.45,2.63
2011.01.26 14:17:46.710,0.72431,0.72476,2.33,2.82
2011.01.26 14:17:47.352,0.72431,0.72476,2.33,2.82
2011.01.26 14:17:48.768,0.72431,0.72476,2.40,2.82
2011.01.26 14:17:49.112,0.72431,0.72476,2.40,2.82
2011.01.26 14:17:49.869,0.7242,0.72467,2.52,2.82
2011.01.26 14:17:51.868,0.7242,0.72467,2.52,2.82
2011.01.26 14:17:51.991,0.7242,0.72467,5.97,2.82
2011.01.26 14:17:52.831,0.72419,0.7246,2.25,2.63
2011.01.26 14:17:53.701,0.72419,0.7246,2.33,2.63
2011.01.26 14:17:53.926,0.72419,0.7246,2.33,2.25
2011.01.26 14:17:54.146,0.72421,0.72466,2.52,2.44
2011.01.26 14:17:56.656,0.72421,0.72466,2.59,2.44
2011.01.26 14:17:57.156,0.72423,0.72468,2.40,2.82
2011.01.26 14:17:57.987,0.72421,0.72466,2.55,2.44
2011.01.26 14:17:58.096,0.72421,0.72466,2.33,2.44
2011.01.26 14:17:59.559,0.72421,0.72466,2.25,2.44
2011.01.26 14:18:01.522,0.72421,0.72466,2.44,2.25
2011.01.26 14:18:01.857,0.7243,0.72473,2.25,1.58
2011.01.26 14:18:02.459,0.7243,0.72477,2.25,6.45
2011.01.26 14:18:02.568,0.7243,0.72477,2.25,2.82
2011.01.26 14:18:03.038,0.7243,0.72477,2.25,6.45
2011.01.26 14:18:03.542,0.7243,0.72477,2.25,6.27
2011.01.26 14:18:04.126,0.7243,0.72477,2.25,2.97
2011.01.26 14:18:07.304,0.7243,0.72477,2.25,6.27
2011.01.26 14:18:08.364,0.7243,0.72472,2.25,1.50
2011.01.26 14:18:09.169,0.72427,0.72467,2.63,1.32
2011.01.26 14:18:09.386,0.7242,0.72467,2.52,3.57
2011.01.26 14:18:10.089,0.7242,0.72467,2.52,3.57
2011.01.26 14:18:12.242,0.7242,0.72467,2.52,3.64
2011.01.26 14:18:12.506,0.7242,0.72467,2.59,3.57
2011.01.26 14:18:13.728,0.7242,0.72467,2.40,2.82
2011.01.26 14:18:14.932,0.7242,0.72467,2.33,2.97
2011.01.26 14:18:15.049,0.7242,0.72467,2.40,2.97
2011.01.26 14:18:15.599,0.7242,0.72467,2.25,2.82
2011.01.26 14:18:17.920,0.7242,0.72467,2.40,2.97
2011.01.26 14:18:18.030,0.7242,0.72467,2.25,2.97
2011.01.26 14:18:20.402,0.7242,0.72467,2.63,2.59
2011.01.26 14:18:20.628,0.72433,0.72474,2.25,2.70
2011.01.26 14:18:21.346,0.72433,0.72472,2.44,1.39
2011.01.26 14:18:21.907,0.72433,0.72472,2.44,1.39
2011.01.26 14:18:22.236,0.72427,0.72469,2.52,1.32
2011.01.26 14:18:22.795,0.72427,0.72467,2.25,1.32
2011.01.26 14:18:22.906,0.7242,0.72467,2.52,3.57
2011.01.26 14:18:23.557,0.72418,0.72463,3.34,2.44
2011.01.26 14:18:24.467,0.72421,0.72466,3.94,2.25
2011.01.26 14:18:24.571,0.7243,0.72477,2.25,2.97
2011.01.26 14:18:25.362,0.7243,0.72477,2.25,2.89
2011.01.26 14:18:25.947,0.72426,0.72473,6.27,2.33
2011.01.26 14:18:26.617,0.72426,0.72473,6.27,2.40
2011.01.26 14:18:27.536,0.72426,0.72473,2.89,2.33
2011.01.26 14:18:28.368,0.72426,0.72473,6.27,2.40
2011.01.26 14:18:28.968,0.72426,0.72473,2.82,2.55
2011.01.26 14:18:30.702,0.72426,0.72473,6.34,2.40
2011.01.26 14:18:31.447,0.72426,0.72473,2.89,2.33
2011.01.26 14:18:32.076,0.72431,0.72476,2.25,2.89
2011.01.26 14:18:32.469,0.7243,0.72473,2.25,1.69
2011.01.26 14:18:32.577,0.7243,0.72477,2.33,2.89
2011.01.26 14:18:33.169,0.7243,0.72476,2.44,1.39
2011.01.26 14:18:33.894,0.7243,0.72472,2.25,2.70
2011.01.26 14:18:34.002,0.72431,0.72476,2.25,2.89
2011.01.26 14:18:34.896,0.72427,0.72474,2.82,2.52
2011.01.26 14:18:35.277,0.72427,0.72474,2.25,2.52
2011.01.26 14:18:35.386,0.72424,0.72471,2.44,2.44
2011.01.26 14:18:36.171,0.72427,0.72472,2.25,2.44
2011.01.26 14:18:36.997,0.72427,0.72472,2.25,2.89
2011.01.26 14:18:37.607,0.72424,0.72467,2.25,2.63
2011.01.26 14:18:39.371,0.72424,0.72467,2.25,2.70
2011.01.26 14:18:40.583,0.72424,0.72467,2.25,2.63
2011.01.26 14:18:40.976,0.72421,0.72463,2.63,2.25
2011.01.26 14:18:42.160,0.72421,0.72463,2.63,2.40
2011.01.26 14:18:42.840,0.72421,0.72463,2.25,2.78
2011.01.26 14:18:43.341,0.7242,0.72463,2.25,2.78
2011.01.26 14:18:44.131,0.7242,0.72464,2.82,2.97
2011.01.26 14:18:45.187,0.72425,0.72466,2.25,6.34
2011.01.26 14:18:46.057,0.72425,0.72466,2.25,2.89
2011.01.26 14:18:49.699,0.72421,0.72463,2.63,2.70
2011.01.26 14:18:51.968,0.72421,0.72463,2.63,2.70
2011.01.26 14:18:52.542,0.72421,0.72463,2.63,2.70
2011.01.26 14:18:54.878,0.72421,0.72463,2.63,2.78
2011.01.26 14:18:55.004,0.72421,0.72463,2.70,2.70
2011.01.26 14:18:55.575,0.72424,0.72467,2.25,2.78
2011.01.26 14:18:56.086,0.72417,0.72463,2.25,2.59
2011.01.26 14:18:59.163,0.72417,0.72463,2.25,3.34
2011.01.26 14:18:59.927,0.72426,0.72454,2.25,1.50
2011.01.26 14:19:00.038,0.72417,0.72458,2.82,2.82
2011.01.26 14:19:00.258,0.72425,0.72467,2.63,1.47
2011.01.26 14:19:00.367,0.72425,0.72468,2.82,2.89
2011.01.26 14:19:00.477,0.72425,0.72453,2.25,1.32
2011.01.26 14:19:00.586,0.72422,0.72449,1.50,2.82
2011.01.26 14:19:01.115,0.72413,0.72454,2.44,2.07
2011.01.26 14:19:01.227,0.72412,0.72453,2.82,2.25
2011.01.26 14:19:02.487,0.72414,0.72459,2.44,2.78
2011.01.26 14:19:02.601,0.72409,0.72454,2.82,2.25
2011.01.26 14:19:02.706,0.72413,0.7246,2.25,2.89
2011.01.26 14:19:04.470,0.72413,0.7246,2.25,6.27
2011.01.26 14:19:05.355,0.72413,0.7246,2.44,2.78
2011.01.26 14:19:07.473,0.72413,0.7246,2.25,2.33
2011.01.26 14:19:08.880,0.72413,0.7246,2.25,2.40
2011.01.26 14:19:08.988,0.72412,0.72457,2.82,2.33
2011.01.26 14:19:10.198,0.72412,0.72457,2.89,2.33
2011.01.26 14:19:10.938,0.72412,0.72457,2.82,2.25
2011.01.26 14:19:11.561,0.72412,0.72457,2.82,2.40
2011.01.26 14:19:14.203,0.72412,0.72457,3.19,2.40
2011.01.26 14:19:14.320,0.72422,0.72457,1.32,2.25
2011.01.26 14:19:14.429,0.72428,0.72471,3.57,2.40
2011.01.26 14:19:14.538,0.72428,0.72461,1.32,2.25
2011.01.26 14:19:14.757,0.7242,0.7246,1.32,2.25
2011.01.26 14:19:15.570,0.72422,0.72461,1.32,2.44
2011.01.26 14:19:15.678,0.72422,0.72461,1.32,2.44
2011.01.26 14:19:15.790,0.72423,0.72466,3.57,2.63
2011.01.26 14:19:16.367,0.72423,0.72466,2.82,2.82
2011.01.26 14:19:16.586,0.72423,0.72466,2.82,2.44
2011.01.26 14:19:16.916,0.72428,0.72469,3.19,1.32
2011.01.26 14:19:17.634,0.72428,0.7247,2.44,1.39
2011.01.26 14:19:22.356,0.72427,0.72468,2.82,2.97
2011.01.26 14:19:22.957,0.72437,0.72471,2.25,2.52
2011.01.26 14:19:23.800,0.72437,0.72471,2.25,2.44
2011.01.26 14:19:24.929,0.72437,0.72471,2.25,2.82
2011.01.26 14:19:25.148,0.72425,0.72461,2.44,2.25
2011.01.26 14:19:25.257,0.7243,0.72461,2.25,1.32
2011.01.26 14:19:25.819,0.72427,0.72461,3.19,2.25
2011.01.26 14:19:25.931,0.72433,0.72467,2.25,2.44
2011.01.26 14:19:27.936,0.7243,0.72465,2.25,2.25
2011.01.26 14:19:28.049,0.7243,0.72465,2.25,3.19
2011.01.26 14:19:28.551,0.7243,0.72465,2.44,2.25
2011.01.26 14:19:28.658,0.72435,0.72473,2.25,2.70
2011.01.26 14:19:31.917,0.72435,0.72473,2.25,2.78
2011.01.26 14:19:32.824,0.72435,0.72473,2.25,2.78
2011.01.26 14:19:34.753,0.72434,0.72474,2.25,2.82
2011.01.26 14:19:34.980,0.72427,0.72466,2.44,2.63
2011.01.26 14:19:35.472,0.72427,0.72466,2.25,2.63
2011.01.26 14:19:35.579,0.72424,0.72461,2.25,2.63
2011.01.26 14:19:35.687,0.7242,0.72458,2.25,2.63
2011.01.26 14:19:35.798,0.72421,0.72464,6.27,2.25
2011.01.26 14:19:35.907,0.72427,0.72466,2.25,2.63
2011.01.26 14:19:36.728,0.7242,0.72458,2.25,2.63
2011.01.26 14:19:39.456,0.72413,0.72468,2.44,3.34
2011.01.26 14:19:39.713,0.72413,0.72468,2.25,2.59
2011.01.26 14:19:40.900,0.72413,0.72468,2.25,2.52
2011.01.26 14:19:44.872,0.72413,0.72468,2.63,2.52
2011.01.26 14:19:45.407,0.72423,0.72468,2.25,2.33
2011.01.26 14:19:46.228,0.72423,0.72468,2.25,2.33
2011.01.26 14:19:47.349,0.72423,0.72468,2.25,2.25
2011.01.26 14:19:48.048,0.72427,0.72472,2.25,2.82
2011.01.26 14:19:54.850,0.72427,0.72472,2.44,2.63
2011.01.26 14:19:55.069,0.72429,0.72477,2.44,2.97
2011.01.26 14:19:55.669,0.7243,0.72467,2.25,2.25
2011.01.26 14:19:56.379,0.7243,0.72467,2.25,2.63
2011.01.26 14:19:58.240,0.7243,0.72467,2.25,2.82
2011.01.26 14:19:58.349,0.72426,0.72462,2.25,2.63
2011.01.26 14:20:01.486,0.72426,0.72462,2.25,2.63
2011.01.26 14:20:01.600,0.72415,0.7245,2.89,2.25
2011.01.26 14:20:01.707,0.72422,0.72458,2.25,2.82
2011.01.26 14:20:01.928,0.7242,0.72454,2.82,2.25
2011.01.26 14:20:02.038,0.72422,0.72458,2.25,2.63
2011.01.26 14:20:02.367,0.7242,0.72454,2.25,2.25
2011.01.26 14:20:03.287,0.7242,0.72454,2.63,2.25
2011.01.26 14:20:03.507,0.72424,0.7246,2.82,2.25
2011.01.26 14:20:03.617,0.72429,0.72464,2.25,2.44
2011.01.26 14:20:04.557,0.72433,0.72466,2.25,2.25
2011.01.26 14:20:06.517,0.72433,0.72466,2.25,2.44
2011.01.26 14:20:06.853,0.72436,0.72469,2.25,1.32
2011.01.26 14:20:07.077,0.72436,0.7247,2.25,2.44
2011.01.26 14:20:07.842,0.7244,0.72473,2.44,2.63
2011.01.26 14:20:07.959,0.72442,0.72477,2.44,2.25
2011.01.26 14:20:09.190,0.72442,0.72477,2.44,2.63
2011.01.26 14:20:09.407,0.7244,0.72474,2.25,2.25
2011.01.26 14:20:09.628,0.72443,0.72476,2.25,2.25
2011.01.26 14:20:17.949,0.72443,0.72476,2.25,2.63
2011.01.26 14:20:18.061,0.72433,0.72466,2.25,2.44
2011.01.26 14:20:19.461,0.72433,0.72466,2.33,3.19
2011.01.26 14:20:19.571,0.7243,0.72457,2.25,2.44
2011.01.26 14:20:19.678,0.72417,0.7245,2.70,2.25
2011.01.26 14:20:19.791,0.72423,0.72457,3.19,2.07
2011.01.26 14:20:20.398,0.72423,0.72462,3.57,3.57
2011.01.26 14:20:21.150,0.72423,0.72462,2.63,2.82
2011.01.26 14:20:22.631,0.72423,0.72462,2.78,2.82
2011.01.26 14:20:23.337,0.72423,0.72462,2.63,2.82
2011.01.26 14:20:23.627,0.72423,0.72462,2.78,2.82
2011.01.26 14:20:23.867,0.72423,0.72462,2.63,2.82
2011.01.26 14:20:25.871,0.72423,0.72462,2.70,2.82
2011.01.26 14:20:27.235,0.72423,0.72462,2.93,2.82
2011.01.26 14:20:30.369,0.72423,0.72462,2.70,2.82
2011.01.26 14:20:31.441,0.72423,0.72462,2.78,2.82
2011.01.26 14:20:32.405,0.72426,0.72464,2.33,2.82
2011.01.26 14:20:34.067,0.72426,0.72464,2.70,2.25
2011.01.26 14:20:34.177,0.72427,0.72466,2.70,2.63
2011.01.26 14:20:37.009,0.72426,0.72464,2.33,2.82
2011.01.26 14:20:40.107,0.72426,0.72464,2.78,2.44
2011.01.26 14:20:40.217,0.72431,0.72469,2.70,2.25
2011.01.26 14:20:40.327,0.72434,0.72471,2.70,2.25
2011.01.26 14:20:40.437,0.72436,0.72474,2.52,2.63
2011.01.26 14:20:40.940,0.72439,0.72477,2.25,2.63
2011.01.26 14:20:41.050,0.72446,0.72485,2.63,2.63
2011.01.26 14:20:42.049,0.72443,0.72477,2.25,2.82
2011.01.26 14:20:42.727,0.72436,0.7247,2.25,1.32
2011.01.26 14:20:42.838,0.72413,0.72464,1.09,3.19
2011.01.26 14:20:42.948,0.72416,0.72467,1.32,3.19
2011.01.26 14:20:43.057,0.72417,0.7247,3.19,3.19
2011.01.26 14:20:43.656,0.72417,0.7247,2.44,2.44
2011.01.26 14:20:43.988,0.72415,0.72468,2.52,2.25
2011.01.26 14:20:44.580,0.72416,0.72469,2.33,2.52
2011.01.26 14:20:44.689,0.72416,0.72469,2.78,2.44
2011.01.26 14:20:44.956,0.72418,0.72472,2.25,2.82
2011.01.26 14:20:45.525,0.72417,0.72464,2.33,2.25
2011.01.26 14:20:45.856,0.72419,0.72459,2.63,2.63
2011.01.26 14:20:46.478,0.72419,0.72459,2.70,2.82
2011.01.26 14:20:46.587,0.72419,0.72459,2.63,2.82
2011.01.26 14:20:47.303,0.72415,0.72458,1.95,2.44
2011.01.26 14:20:47.411,0.72419,0.72459,2.63,2.44
2011.01.26 14:20:47.530,0.72419,0.72459,2.63,3.57
2011.01.26 14:20:48.323,0.72418,0.72463,2.82,3.19
2011.01.26 14:20:48.929,0.72418,0.72463,2.63,2.25
2011.01.26 14:20:49.979,0.72418,0.72463,2.78,2.25
2011.01.26 14:20:50.198,0.72428,0.72471,2.44,1.50
2011.01.26 14:20:50.308,0.72426,0.72473,2.82,2.74
2011.01.26 14:20:50.637,0.72428,0.72475,2.44,2.52
2011.01.26 14:20:51.205,0.72428,0.72472,2.25,1.09
2011.01.26 14:20:51.320,0.72425,0.7247,2.25,2.52
2011.01.26 14:20:51.549,0.72425,0.7247,2.33,2.44
2011.01.26 14:20:52.446,0.72425,0.7247,2.25,2.52
2011.01.26 14:20:53.392,0.72429,0.72472,2.25,1.47
2011.01.26 14:20:53.617,0.72429,0.72474,2.25,2.52
2011.01.26 14:20:54.228,0.72429,0.72474,2.25,2.52
2011.01.26 14:20:54.895,0.72429,0.72474,2.25,2.52
2011.01.26 14:20:55.229,0.72429,0.72474,2.33,2.44
2011.01.26 14:20:55.337,0.72429,0.72474,2.25,2.44
2011.01.26 14:20:56.157,0.72424,0.72471,2.89,2.44
2011.01.26 14:20:57.096,0.72425,0.72471,2.52,2.25
2011.01.26 14:20:57.211,0.72432,0.72479,2.44,2.97
2011.01.26 14:20:58.209,0.72431,0.7247,2.25,2.25
2011.01.26 14:20:58.855,0.72432,0.72469,2.25,2.25
2011.01.26 14:21:02.919,0.72429,0.72469,2.82,2.25
2011.01.26 14:21:03.550,0.72429,0.72469,2.82,2.33
2011.01.26 14:21:07.517,0.72429,0.72469,2.82,2.25
2011.01.26 14:21:08.542,0.72429,0.72469,2.82,2.33
2011.01.26 14:21:08.657,0.72429,0.72469,2.82,2.25
2011.01.26 14:21:08.767,0.72429,0.72469,2.82,2.33
2011.01.26 14:21:12.449,0.72429,0.72469,2.82,2.33
2011.01.26 14:21:13.094,0.72428,0.72466,2.63,2.25
2011.01.26 14:21:13.429,0.72433,0.72472,2.63,2.82
2011.01.26 14:21:16.539,0.72427,0.72464,2.70,2.25
2011.01.26 14:21:17.940,0.72427,0.72464,2.63,3.19
2011.01.26 14:21:18.159,0.72414,0.72453,2.25,2.25
2011.01.26 14:21:18.738,0.72411,0.72448,2.33,2.25
2011.01.26 14:21:19.350,0.72411,0.72448,2.40,2.25
2011.01.26 14:21:20.029,0.72411,0.72456,2.59,1.69
2011.01.26 14:21:20.141,0.72411,0.72458,2.74,2.44
2011.01.26 14:21:20.637,0.72411,0.72458,2.40,2.52
2011.01.26 14:21:21.389,0.72414,0.72456,2.33,1.50
2011.01.26 14:21:21.502,0.72405,0.72452,2.78,2.25
2011.01.26 14:21:23.400,0.72405,0.72452,2.78,2.25
2011.01.26 14:21:24.731,0.72405,0.72452,2.78,2.25
2011.01.26 14:21:26.899,0.72405,0.72452,2.93,2.25
2011.01.26 14:21:27.009,0.72405,0.72452,6.30,2.25
2011.01.26 14:21:27.227,0.72414,0.72459,2.82,2.33
2011.01.26 14:21:27.694,0.72415,0.72459,1.32,2.33
2011.01.26 14:21:27.810,0.72416,0.72461,2.97,2.25
2011.01.26 14:21:28.879,0.72415,0.72462,2.82,2.25
2011.01.26 14:21:29.005,0.72415,0.72462,6.34,2.25
2011.01.26 14:21:29.621,0.72415,0.72462,2.82,2.25
2011.01.26 14:21:30.431,0.72409,0.72445,2.63,2.25
2011.01.26 14:21:30.540,0.72415,0.72449,2.63,2.25
2011.01.26 14:21:30.650,0.72419,0.72452,2.63,2.25
2011.01.26 14:21:31.508,0.72419,0.72452,2.25,2.44
2011.01.26 14:21:31.617,0.72413,0.72449,3.64,2.25
2011.01.26 14:21:40.527,0.72428,0.72458,1.32,1.50
2011.01.26 14:21:40.636,0.72428,0.72463,1.32,2.25
2011.01.26 14:21:41.590,0.72427,0.72463,2.25,2.44
2011.01.26 14:21:41.697,0.72421,0.72461,2.89,2.25
2011.01.26 14:21:42.907,0.72421,0.72461,2.52,2.63
2011.01.26 14:21:43.020,0.72413,0.72449,2.89,2.25
2011.01.26 14:21:43.153,0.72413,0.72449,2.89,2.25
2011.01.26 14:21:43.378,0.72422,0.7246,2.82,2.25
2011.01.26 14:21:51.187,0.72423,0.72463,2.63,2.82
2011.01.26 14:21:51.771,0.72423,0.72463,3.57,2.25
2011.01.26 14:21:52.097,0.72427,0.72465,2.44,2.25
2011.01.26 14:21:52.691,0.72424,0.72462,2.82,2.25
2011.01.26 14:21:52.800,0.72427,0.72465,2.44,2.25
2011.01.26 14:21:52.921,0.72423,0.72463,3.57,2.25
2011.01.26 14:21:55.508,0.72423,0.72463,8.33,2.25
2011.01.26 14:21:56.271,0.72423,0.72463,3.64,2.25
2011.01.26 14:21:56.863,0.72423,0.72463,8.33,2.25
2011.01.26 14:21:58.862,0.72423,0.72463,3.57,2.25
2011.01.26 14:22:00.807,0.72424,0.72469,2.82,1.50
2011.01.26 14:22:01.029,0.72424,0.72471,2.70,2.25
2011.01.26 14:22:01.356,0.72424,0.72471,2.63,2.33
2011.01.26 14:22:01.849,0.72424,0.72471,2.63,2.25
2011.01.26 14:22:02.096,0.72423,0.72468,2.78,2.25
2011.01.26 14:22:03.284,0.72425,0.7247,2.25,2.52
2011.01.26 14:22:04.348,0.72425,0.7247,2.25,2.44
2011.01.26 14:22:04.637,0.72425,0.7247,2.25,2.59
2011.01.26 14:22:04.978,0.72425,0.7247,2.33,2.44
2011.01.26 14:22:05.566,0.72425,0.7247,2.25,2.52
2011.01.26 14:22:05.680,0.72422,0.72469,2.82,2.33
2011.01.26 14:22:08.325,0.72422,0.72469,2.97,2.25
2011.01.26 14:22:11.437,0.72422,0.72469,2.59,2.63
2011.01.26 14:22:11.546,0.72419,0.72466,2.97,2.25
2011.01.26 14:22:11.877,0.7242,0.72457,2.63,2.25
2011.01.26 14:22:12.511,0.72416,0.72461,2.44,2.44
2011.01.26 14:22:13.239,0.72416,0.72461,2.25,2.33
2011.01.26 14:22:14.173,0.72416,0.72461,2.25,2.25
2011.01.26 14:22:15.907,0.72416,0.72461,2.25,3.64
2011.01.26 14:22:16.424,0.72408,0.72455,2.63,2.44
2011.01.26 14:22:16.636,0.72408,0.72455,2.78,2.44
2011.01.26 14:22:17.047,0.72408,0.72455,2.33,2.44
2011.01.26 14:22:17.640,0.72406,0.72451,2.25,2.25
2011.01.26 14:22:18.375,0.72411,0.72451,2.07,2.25
2011.01.26 14:22:18.491,0.72413,0.72458,2.70,2.33
2011.01.26 14:22:18.707,0.72411,0.72457,1.88,2.44
2011.01.26 14:22:18.817,0.72411,0.72457,2.07,2.33
2011.01.26 14:22:19.333,0.72411,0.72457,1.50,2.52
2011.01.26 14:22:19.777,0.72407,0.72454,2.97,2.44
2011.01.26 14:22:19.886,0.72403,0.7245,3.72,2.25
2011.01.26 14:22:20.489,0.72406,0.72451,2.97,2.25
2011.01.26 14:22:20.938,0.72406,0.72451,2.97,2.25
2011.01.26 14:22:21.168,0.72406,0.72451,2.82,2.25
2011.01.26 14:22:21.656,0.72404,0.72449,2.82,2.25
2011.01.26 14:22:21.988,0.72405,0.72449,2.22,2.25
2011.01.26 14:22:22.098,0.72412,0.7246,2.82,2.44
2011.01.26 14:22:23.189,0.72415,0.7246,2.63,2.44
2011.01.26 14:22:23.704,0.72422,0.72457,2.25,2.25
2011.01.26 14:22:24.037,0.7243,0.72464,2.44,2.25
2011.01.26 14:22:25.421,0.7243,0.72464,3.19,2.25
2011.01.26 14:22:25.528,0.72435,0.72469,2.25,2.25
2011.01.26 14:22:26.190,0.7244,0.72473,2.25,2.25
2011.01.26 14:22:31.210,0.7244,0.72473,2.63,2.25
2011.01.26 14:22:31.429,0.72444,0.72478,2.25,2.25
2011.01.26 14:22:32.011,0.72444,0.72475,2.25,1.32
2011.01.26 14:22:32.121,0.72432,0.72472,2.40,2.44
2011.01.26 14:22:32.228,0.72432,0.72471,2.25,1.32
2011.01.26 14:22:32.338,0.7243,0.72467,2.25,2.44
2011.01.26 14:22:32.446,0.72426,0.7246,2.89,2.25
2011.01.26 14:22:33.111,0.72426,0.7246,2.89,2.25
2011.01.26 14:22:33.217,0.7243,0.72467,2.25,2.82
2011.01.26 14:22:33.329,0.72426,0.7246,2.70,2.44
2011.01.26 14:22:37.795,0.72432,0.7246,1.32,2.25
2011.01.26 14:22:38.336,0.72435,0.72471,2.44,2.44
2011.01.26 14:22:39.658,0.72435,0.72471,2.44,2.82
2011.01.26 14:22:40.268,0.7243,0.72467,2.52,2.44
2011.01.26 14:22:40.377,0.7243,0.72467,2.44,2.44
2011.01.26 14:22:40.708,0.7243,0.72467,2.25,2.25
2011.01.26 14:22:41.287,0.7243,0.72467,2.25,2.63
2011.01.26 14:22:41.616,0.72426,0.72463,2.33,2.25
2011.01.26 14:22:42.426,0.72426,0.72463,2.40,2.25
2011.01.26 14:22:42.826,0.72426,0.72463,2.40,2.25
2011.01.26 14:22:43.636,0.72426,0.72463,2.78,2.25
2011.01.26 14:22:43.736,0.72425,0.72461,2.89,2.25
2011.01.26 14:22:44.438,0.72425,0.72461,2.52,2.25
2011.01.26 14:22:45.213,0.72425,0.72461,2.44,2.25
2011.01.26 14:22:45.325,0.72425,0.72461,2.44,2.44
2011.01.26 14:22:45.644,0.72425,0.72461,3.19,2.25
2011.01.26 14:22:46.297,0.7243,0.72467,2.44,3.19
2011.01.26 14:22:47.890,0.7243,0.72467,2.82,3.19
2011.01.26 14:22:47.997,0.72436,0.7247,2.25,2.25
2011.01.26 14:22:49.809,0.72436,0.7247,2.44,2.44
2011.01.26 14:22:53.586,0.7243,0.72464,3.19,2.25
2011.01.26 14:22:53.696,0.7243,0.72464,2.44,2.25
2011.01.26 14:22:54.447,0.72432,0.72466,2.25,2.44
2011.01.26 14:22:55.016,0.72428,0.72461,1.32,2.25
2011.01.26 14:22:55.346,0.72421,0.72455,2.82,2.25
2011.01.26 14:22:55.874,0.72421,0.72455,2.82,2.25
2011.01.26 14:22:55.978,0.72429,0.72465,2.25,3.19
2011.01.26 14:22:56.086,0.72429,0.72465,2.25,2.44
2011.01.26 14:22:56.716,0.72429,0.72465,2.63,2.25
2011.01.26 14:22:58.246,0.72429,0.72465,2.63,2.25
2011.01.26 14:22:58.939,0.72437,0.72472,2.44,2.82
2011.01.26 14:22:59.048,0.72425,0.72459,3.57,2.25
2011.01.26 14:22:59.376,0.72426,0.72459,1.32,2.25
2011.01.26 14:22:59.961,0.7243,0.72459,1.32,2.25
2011.01.26 14:23:00.066,0.72428,0.72466,2.82,2.25
2011.01.26 14:23:00.176,0.72428,0.72466,2.82,2.25
2011.01.26 14:23:00.287,0.72425,0.72459,2.63,2.25
2011.01.26 14:23:00.615,0.7242,0.72456,2.82,2.25
2011.01.26 14:23:01.216,0.72425,0.72459,2.82,2.25
2011.01.26 14:23:01.327,0.72425,0.72459,2.82,2.25
2011.01.26 14:23:02.260,0.72425,0.72459,2.82,2.33
2011.01.26 14:23:02.366,0.72425,0.72459,2.82,2.33
2011.01.26 14:23:03.527,0.72424,0.72456,1.32,2.25
2011.01.26 14:23:03.639,0.72424,0.72458,2.44,2.52
2011.01.26 14:23:05.676,0.72421,0.72457,3.57,2.33
2011.01.26 14:23:05.787,0.72426,0.72464,1.32,2.59
2011.01.26 14:23:05.895,0.72426,0.72464,1.32,5.97
2011.01.26 14:23:06.005,0.72424,0.72464,3.57,2.33
2011.01.26 14:23:06.115,0.72424,0.72464,3.57,2.40
2011.01.26 14:23:06.686,0.72424,0.72464,3.57,2.33
2011.01.26 14:23:06.907,0.72424,0.72464,3.57,2.40
2011.01.26 14:23:07.016,0.72424,0.72464,3.57,2.33
2011.01.26 14:23:07.127,0.72424,0.72464,2.63,3.19
2011.01.26 14:23:07.766,0.72424,0.72461,2.25,3.19
2011.01.26 14:23:07.877,0.72424,0.72461,2.25,2.44
2011.01.26 14:23:09.196,0.72425,0.72459,2.82,2.25
2011.01.26 14:23:09.414,0.7243,0.72464,2.25,2.25
2011.01.26 14:23:10.655,0.72431,0.72464,2.25,2.25
2011.01.26 14:23:10.766,0.72429,0.72465,2.25,2.25
2011.01.26 14:23:14.108,0.72429,0.72465,2.63,2.25
2011.01.26 14:23:14.436,0.72435,0.72468,2.25,2.25
2011.01.26 14:23:14.764,0.72429,0.72465,3.19,3.19
2011.01.26 14:23:20.415,0.72428,0.72461,3.19,2.25
2011.01.26 14:23:21.839,0.72428,0.72461,2.25,2.44
2011.01.26 14:23:21.947,0.72431,0.72465,2.25,3.19
2011.01.26 14:23:22.056,0.72429,0.72467,3.19,2.44
2011.01.26 14:23:22.168,0.72429,0.72467,2.25,3.19
2011.01.26 14:23:22.385,0.72426,0.7246,2.25,2.25
2011.01.26 14:23:27.407,0.72424,0.72462,3.57,2.52
2011.01.26 14:23:27.516,0.72424,0.72462,2.82,2.25
2011.01.26 14:23:28.054,0.72426,0.72463,2.25,2.25
2011.01.26 14:23:28.267,0.72426,0.72463,3.64,2.25
2011.01.26 14:23:29.000,0.72432,0.72465,2.25,2.25
2011.01.26 14:23:30.646,0.72428,0.72462,1.47,2.25
2011.01.26 14:23:30.755,0.72432,0.72465,2.25,2.25
2011.01.26 14:23:31.565,0.72432,0.72465,2.40,2.25
2011.01.26 14:23:32.549,0.72435,0.7247,2.25,2.82
2011.01.26 14:23:32.658,0.72435,0.7247,2.44,2.44
2011.01.26 14:23:32.766,0.72434,0.72468,2.44,2.25
2011.01.26 14:23:34.620,0.72434,0.72468,2.25,3.19
2011.01.26 14:23:35.217,0.72431,0.72465,2.59,2.44
2011.01.26 14:23:37.128,0.72431,0.72466,2.40,1.32
2011.01.26 14:23:38.697,0.72429,0.72462,2.40,2.44
2011.01.26 14:23:39.085,0.72429,0.72462,3.72,2.25
2011.01.26 14:23:39.196,0.72431,0.72467,2.59,2.44
2011.01.26 14:23:39.977,0.72431,0.72467,2.97,2.44
2011.01.26 14:23:40.088,0.72433,0.72467,1.32,2.25
2011.01.26 14:23:40.196,0.72436,0.72472,2.44,3.57
2011.01.26 14:23:40.306,0.72432,0.72466,3.34,2.25
2011.01.26 14:23:40.415,0.72432,0.72466,2.59,2.25
2011.01.26 14:23:41.210,0.72429,0.72461,1.32,2.25
2011.01.26 14:23:41.537,0.72432,0.72465,2.44,2.25
2011.01.26 14:23:42.128,0.7242,0.72455,3.57,2.44
2011.01.26 14:23:42.858,0.7242,0.7245,2.25,1.32
2011.01.26 14:23:42.967,0.72415,0.72452,3.57,3.19
2011.01.26 14:23:43.185,0.72415,0.72452,2.82,2.44
2011.01.26 14:23:43.997,0.72416,0.72454,2.25,2.82
2011.01.26 14:23:45.048,0.72416,0.72462,3.19,1.02
2011.01.26 14:23:45.375,0.72416,0.72463,3.57,3.27
2011.01.26 14:23:45.998,0.72425,0.72464,2.25,2.33
2011.01.26 14:23:47.217,0.72425,0.72464,2.25,2.52
2011.01.26 14:23:48.129,0.72425,0.72464,2.25,2.44
2011.01.26 14:23:48.872,0.72423,0.72463,2.97,2.44
2011.01.26 14:23:48.990,0.72421,0.7246,2.82,2.63
2011.01.26 14:23:49.315,0.72422,0.72459,2.25,2.44
2011.01.26 14:23:49.971,0.72424,0.72462,2.63,2.44
2011.01.26 14:23:50.077,0.72426,0.72463,2.25,2.25
2011.01.26 14:23:53.027,0.72421,0.72457,2.25,2.25
2011.01.26 14:23:53.356,0.72422,0.72458,2.82,2.25
2011.01.26 14:23:53.685,0.72422,0.72456,2.25,2.25
2011.01.26 14:23:55.908,0.72422,0.72456,2.44,2.44
2011.01.26 14:23:57.909,0.72422,0.72456,2.82,2.44
2011.01.26 14:23:58.482,0.72425,0.72456,2.07,2.25
2011.01.26 14:23:58.597,0.72432,0.72465,2.44,2.44
2011.01.26 14:23:59.627,0.72432,0.72465,2.44,2.25
2011.01.26 14:24:03.868,0.72432,0.72465,2.82,2.25
2011.01.26 14:24:03.977,0.72434,0.72465,1.32,2.25
2011.01.26 14:24:04.085,0.72435,0.72471,3.19,3.19
2011.01.26 14:24:04.778,0.72431,0.72466,2.44,2.44
2011.01.26 14:24:05.335,0.72431,0.72466,2.44,2.25
2011.01.26 14:24:10.417,0.72431,0.72466,3.19,2.25
2011.01.26 14:24:11.207,0.72436,0.7247,2.44,2.44
2011.01.26 14:24:12.779,0.72444,0.72478,2.25,3.19
2011.01.26 14:24:12.889,0.72445,0.72475,1.32,2.25
2011.01.26 14:24:12.997,0.72449,0.72478,1.32,2.25
2011.01.26 14:24:16.146,0.72448,0.72482,1.02,2.25
2011.01.26 14:24:17.535,0.7245,0.72484,2.44,2.44
2011.01.26 14:24:22.336,0.7245,0.72484,2.25,2.82
2011.01.26 14:24:22.446,0.72445,0.72481,2.44,2.82
2011.01.26 14:24:22.996,0.72445,0.72479,2.25,1.32
2011.01.26 14:24:23.098,0.72433,0.72468,2.82,2.25
2011.01.26 14:24:24.090,0.72437,0.72472,2.25,2.25
2011.01.26 14:24:24.196,0.72436,0.7247,2.25,2.25
2011.01.26 14:24:24.525,0.72431,0.72467,2.97,2.25
2011.01.26 14:24:25.247,0.72433,0.72468,2.78,2.25
2011.01.26 14:24:25.915,0.72433,0.72468,2.78,2.25
2011.01.26 14:24:26.608,0.72433,0.72468,2.63,2.25
2011.01.26 14:24:27.414,0.72439,0.72473,2.25,2.44
2011.01.26 14:24:27.519,0.7244,0.72476,2.25,2.25
2011.01.26 14:24:27.855,0.72438,0.72474,2.63,2.25
2011.01.26 14:24:28.558,0.72437,0.72472,2.25,2.25
2011.01.26 14:24:29.636,0.72437,0.72472,2.44,2.44
2011.01.26 14:24:31.178,0.72442,0.72476,2.44,2.25
2011.01.26 14:24:31.286,0.72442,0.72476,3.19,2.25
2011.01.26 14:24:31.396,0.72446,0.72482,2.44,2.44
2011.01.26 14:24:32.988,0.72442,0.72476,2.44,2.25
2011.01.26 14:24:34.467,0.72441,0.72477,2.25,2.82
2011.01.26 14:24:34.685,0.72437,0.72472,2.25,2.25
2011.01.26 14:24:36.171,0.72435,0.72468,2.82,2.25
2011.01.26 14:24:36.496,0.7243,0.72466,2.44,2.44
2011.01.26 14:24:39.118,0.72435,0.72468,2.63,2.25
2011.01.26 14:24:39.227,0.72435,0.72468,2.82,2.25
2011.01.26 14:24:39.335,0.72435,0.72468,2.63,2.25
2011.01.26 14:24:40.877,0.72435,0.72468,2.44,2.44
2011.01.26 14:24:43.756,0.72438,0.72474,3.19,2.44
2011.01.26 14:24:44.328,0.72438,0.72474,2.44,2.25
2011.01.26 14:24:46.446,0.72438,0.72474,2.82,2.25
2011.01.26 14:24:46.557,0.72441,0.72474,1.32,2.25
2011.01.26 14:24:46.667,0.72443,0.72479,2.44,2.63
2011.01.26 14:24:46.886,0.72439,0.72473,2.44,2.25
2011.01.26 14:24:47.467,0.72442,0.72481,8.14,2.44
2011.01.26 14:24:47.685,0.72453,0.72488,2.44,2.25
2011.01.26 14:24:48.587,0.72453,0.72488,3.19,2.44
2011.01.26 14:24:50.958,0.72438,0.72474,3.19,2.44
2011.01.26 14:24:51.731,0.72439,0.72473,2.63,2.25
2011.01.26 14:24:51.839,0.72439,0.72473,2.25,2.25
2011.01.26 14:24:52.056,0.72433,0.72471,3.75,2.25
2011.01.26 14:24:54.086,0.7243,0.72469,2.89,2.25
2011.01.26 14:24:54.546,0.72432,0.72469,1.32,2.25
2011.01.26 14:24:54.656,0.72437,0.72471,2.25,2.25
2011.01.26 14:24:55.527,0.72437,0.72471,2.33,2.25
2011.01.26 14:24:55.739,0.72434,0.72468,2.89,2.25
2011.01.26 14:24:56.480,0.72433,0.72465,1.32,2.25
2011.01.26 14:24:57.364,0.72433,0.72464,1.32,2.25
2011.01.26 14:24:57.479,0.72434,0.7247,2.82,2.25
2011.01.26 14:24:58.538,0.72435,0.72471,2.44,2.25
2011.01.26 14:24:59.425,0.72435,0.72471,3.19,2.44
2011.01.26 14:25:00.207,0.72434,0.72467,1.32,2.25
2011.01.26 14:25:02.966,0.72432,0.72467,2.25,3.19
2011.01.26 14:25:03.536,0.72429,0.72462,2.82,2.25
2011.01.26 14:25:04.899,0.7243,0.72464,2.44,2.44
2011.01.26 14:25:05.226,0.72433,0.72466,2.44,2.25
2011.01.26 14:25:05.565,0.7243,0.72465,1.32,3.19
2011.01.26 14:25:07.267,0.72429,0.72465,3.57,2.44
2011.01.26 14:25:08.898,0.72433,0.72466,3.57,3.19
2011.01.26 14:25:09.226,0.72442,0.72466,1.32,2.25
2011.01.26 14:25:09.446,0.72445,0.72477,1.32,2.25
2011.01.26 14:25:09.931,0.72446,0.72482,3.19,3.19
2011.01.26 14:25:12.212,0.72449,0.72483,2.44,2.33
2011.01.26 14:25:12.747,0.72449,0.72483,2.44,2.33
2011.01.26 14:25:15.365,0.72449,0.72483,2.82,2.33
2011.01.26 14:25:15.585,0.72454,0.72488,2.44,2.25
2011.01.26 14:25:16.243,0.72454,0.72488,2.25,2.82
2011.01.26 14:25:16.740,0.72449,0.72483,2.44,2.25
2011.01.26 14:25:18.220,0.72452,0.72486,3.57,2.25
2011.01.26 14:25:18.909,0.72451,0.72487,3.19,2.25
2011.01.26 14:25:21.141,0.72451,0.72487,3.19,2.63
2011.01.26 14:25:21.739,0.72447,0.72482,2.44,2.44
2011.01.26 14:25:21.879,0.72447,0.72482,2.44,2.44
2011.01.26 14:25:23.088,0.72449,0.72483,2.63,3.19
2011.01.26 14:25:23.827,0.72449,0.72481,1.32,2.25
2011.01.26 14:25:23.937,0.72452,0.72486,3.19,2.44
2011.01.26 14:25:24.047,0.72452,0.72486,2.44,2.25
2011.01.26 14:25:25.438,0.72449,0.7248,1.32,2.25
2011.01.26 14:25:25.546,0.72452,0.72486,2.44,2.25
2011.01.26 14:25:26.832,0.72449,0.72483,1.32,2.25
2011.01.26 14:25:27.810,0.72449,0.72483,1.32,2.33
2011.01.26 14:25:30.711,0.72442,0.72476,2.63,2.25
2011.01.26 14:25:30.817,0.72442,0.72476,2.63,2.25
2011.01.26 14:25:31.469,0.72443,0.72476,1.32,2.25
2011.01.26 14:25:31.577,0.72445,0.72483,2.82,2.52
2011.01.26 14:25:33.557,0.72445,0.72483,2.82,2.33
2011.01.26 14:25:35.008,0.72445,0.72483,2.82,2.33
2011.01.26 14:25:35.123,0.72445,0.72483,2.25,6.45
2011.01.26 14:25:35.815,0.72435,0.72472,2.63,2.25
2011.01.26 14:25:36.061,0.72436,0.72474,2.70,2.44
2011.01.26 14:25:37.010,0.72443,0.72474,1.32,2.25
2011.01.26 14:25:37.117,0.72447,0.72481,2.82,2.25
2011.01.26 14:25:37.228,0.72442,0.72467,1.50,2.25
2011.01.26 14:25:37.349,0.72433,0.72467,2.78,2.25
2011.01.26 14:25:38.458,0.72435,0.72469,2.25,2.25
2011.01.26 14:25:39.163,0.72438,0.72477,2.44,3.27
2011.01.26 14:25:39.903,0.72438,0.72477,2.82,3.19
2011.01.26 14:25:40.428,0.72438,0.72477,3.57,2.25
2011.01.26 14:25:40.539,0.72445,0.72478,2.25,2.25
2011.01.26 14:25:46.421,0.72441,0.72477,8.14,2.25
2011.01.26 14:25:46.638,0.72447,0.72482,1.32,2.25
2011.01.26 14:25:49.860,0.72451,0.72479,1.69,2.25
2011.01.26 14:25:51.586,0.7245,0.72484,2.44,2.44
2011.01.26 14:25:51.700,0.72451,0.72484,1.32,2.25
2011.01.26 14:25:52.302,0.72451,0.72484,1.32,2.33
2011.01.26 14:25:52.904,0.72446,0.72482,3.19,2.25
2011.01.26 14:25:53.010,0.72445,0.72478,3.19,2.25
2011.01.26 14:25:55.770,0.72449,0.72478,1.32,2.25
2011.01.26 14:25:55.877,0.72449,0.72483,1.32,2.25
2011.01.26 14:25:55.989,0.72448,0.72481,2.25,1.32
2011.01.26 14:25:56.099,0.72439,0.72473,3.57,2.25
2011.01.26 14:25:57.546,0.7244,0.72471,1.32,2.25
2011.01.26 14:25:57.660,0.7244,0.72475,5.07,2.25
2011.01.26 14:25:59.792,0.7244,0.72475,3.57,2.44
2011.01.26 14:26:00.759,0.7244,0.72475,2.44,3.19
2011.01.26 14:26:01.880,0.7244,0.72475,2.44,2.25
2011.01.26 14:26:02.098,0.72435,0.72472,4.32,2.25
2011.01.26 14:26:11.140,0.72437,0.72477,2.82,3.27
2011.01.26 14:26:11.589,0.72437,0.72477,6.63,3.19
2011.01.26 14:26:12.112,0.72437,0.72477,6.34,2.25
2011.01.26 14:26:12.305,0.72437,0.72477,2.89,2.25
2011.01.26 14:26:13.070,0.72446,0.72484,2.82,2.25
2011.01.26 14:26:13.178,0.72449,0.72488,2.63,2.52
2011.01.26 14:26:13.397,0.72445,0.72485,2.82,2.25
2011.01.26 14:26:14.009,0.72445,0.72485,2.82,2.25
2011.01.26 14:26:14.520,0.72445,0.72485,2.82,2.33
2011.01.26 14:26:15.458,0.72445,0.72485,2.82,2.25
2011.01.26 14:26:15.567,0.72445,0.72485,2.82,2.33
2011.01.26 14:26:16.524,0.72444,0.72481,2.63,2.25
2011.01.26 14:26:17.579,0.7244,0.72477,2.89,2.25
2011.01.26 14:26:20.488,0.72437,0.72477,2.70,2.25
2011.01.26 14:26:32.883,0.72437,0.72477,2.25,2.70
2011.01.26 14:26:32.998,0.72434,0.72473,2.82,2.25
2011.01.26 14:26:34.330,0.72434,0.72473,2.82,2.25
2011.01.26 14:26:35.028,0.72437,0.72477,2.82,2.33
2011.01.26 14:26:36.149,0.72437,0.72477,2.25,6.45
2011.01.26 14:26:36.728,0.72432,0.72472,2.82,2.33
2011.01.26 14:26:38.927,0.7243,0.72469,2.63,2.25
2011.01.26 14:26:39.038,0.7243,0.72469,2.63,2.25
2011.01.26 14:26:39.147,0.72426,0.72465,2.97,2.25
2011.01.26 14:26:39.769,0.7243,0.72469,2.63,2.25
2011.01.26 14:26:43.659,0.7243,0.72469,2.63,2.33
2011.01.26 14:26:44.175,0.72428,0.72465,2.89,2.25
2011.01.26 14:26:44.287,0.72431,0.72468,2.63,2.25
2011.01.26 14:26:50.698,0.72431,0.72468,2.70,2.25
2011.01.26 14:26:52.499,0.72431,0.72468,2.63,2.25
2011.01.26 14:26:53.757,0.72431,0.72468,2.70,2.25
2011.01.26 14:26:53.901,0.72431,0.72468,2.70,2.25
2011.01.26 14:26:54.008,0.72433,0.72471,2.82,2.25
2011.01.26 14:26:56.400,0.72443,0.72479,1.32,2.25
2011.01.26 14:26:57.041,0.7244,0.72477,2.82,2.25
2011.01.26 14:26:57.178,0.72439,0.72475,1.32,2.25
2011.01.26 14:26:57.880,0.72436,0.72475,2.25,2.63
2011.01.26 14:26:58.280,0.72433,0.72472,2.70,2.25
2011.01.26 14:26:59.202,0.72433,0.72472,2.70,2.25
2011.01.26 14:26:59.455,0.72437,0.72476,2.63,2.25
2011.01.26 14:26:59.569,0.72433,0.7247,2.07,2.25
2011.01.26 14:27:00.252,0.72429,0.72466,1.32,2.25
2011.01.26 14:27:00.357,0.72434,0.72471,2.63,2.25
2011.01.26 14:27:00.700,0.72434,0.72471,2.63,2.25
2011.01.26 14:27:00.917,0.72437,0.72476,2.63,2.25
2011.01.26 14:27:09.718,0.72437,0.72476,2.63,2.33
2011.01.26 14:27:09.828,0.72434,0.72471,2.82,2.25
2011.01.26 14:27:10.726,0.7244,0.72474,2.25,2.25
2011.01.26 14:27:12.991,0.72437,0.72472,2.82,2.25
2011.01.26 14:27:17.058,0.72437,0.72472,2.44,2.25
2011.01.26 14:27:17.642,0.72434,0.72469,6.27,2.25
2011.01.26 14:27:18.693,0.72434,0.72469,2.82,2.25
2011.01.26 14:27:20.179,0.72432,0.72463,1.88,2.25
2011.01.26 14:27:20.290,0.72432,0.72464,1.58,2.25
2011.01.26 14:27:20.399,0.72432,0.72464,2.14,2.25
2011.01.26 14:27:21.060,0.72431,0.72465,2.82,2.25
2011.01.26 14:27:21.278,0.72428,0.72463,1.47,2.25
2011.01.26 14:27:22.212,0.72428,0.72463,1.32,2.33
2011.01.26 14:27:23.333,0.72428,0.72463,1.32,2.25
2011.01.26 14:27:27.379,0.72429,0.72465,2.82,2.25
2011.01.26 14:27:27.489,0.72434,0.72469,2.44,2.25
2011.01.26 14:27:27.707,0.72436,0.72469,1.32,2.25
2011.01.26 14:27:28.428,0.72436,0.72469,1.32,2.33
2011.01.26 14:27:29.272,0.72436,0.72469,1.32,2.25
2011.01.26 14:27:30.759,0.7243,0.72466,2.44,2.25
2011.01.26 14:27:30.868,0.72428,0.72464,2.82,2.25
2011.01.26 14:27:31.353,0.72428,0.72464,2.82,2.33
2011.01.26 14:27:31.535,0.72428,0.72464,2.89,2.25
2011.01.26 14:27:32.190,0.72427,0.72463,6.27,2.25
2011.01.26 14:27:32.298,0.72442,0.72463,1.32,2.25
2011.01.26 14:27:32.407,0.72443,0.72476,3.19,2.25
2011.01.26 14:27:32.962,0.72438,0.7247,1.88,2.44
2011.01.26 14:27:33.072,0.7244,0.72474,3.19,2.44
2011.01.26 14:27:33.651,0.7244,0.72474,2.44,2.25
2011.01.26 14:27:34.309,0.7244,0.72474,2.44,2.33
2011.01.26 14:27:37.427,0.72438,0.72468,1.32,2.25
2011.01.26 14:27:38.184,0.72439,0.72475,3.19,2.25
2011.01.26 14:27:39.334,0.72441,0.72474,2.82,2.25
2011.01.26 14:27:41.092,0.72439,0.72469,1.32,2.25
2011.01.26 14:27:41.203,0.72439,0.72473,3.57,2.25
2011.01.26 14:27:44.296,0.72441,0.72474,2.82,2.25
2011.01.26 14:27:45.001,0.7244,0.72475,2.44,2.25
2011.01.26 14:27:45.919,0.72446,0.72491,1.32,3.19
2011.01.26 14:27:46.650,0.72444,0.72491,2.82,2.44
2011.01.26 14:27:47.190,0.72444,0.72491,2.89,2.44
2011.01.26 14:27:48.832,0.72444,0.72491,2.97,2.44
2011.01.26 14:27:48.949,0.72444,0.72491,2.97,2.25
2011.01.26 14:27:49.430,0.72449,0.72494,2.25,2.59
2011.01.26 14:27:49.543,0.72445,0.7249,2.63,2.44
2011.01.26 14:27:50.579,0.72442,0.72489,2.89,2.25
2011.01.26 14:27:51.738,0.72445,0.7249,2.63,2.44
2011.01.26 14:27:51.959,0.72442,0.72489,2.40,2.82
2011.01.26 14:27:52.069,0.7244,0.72487,6.34,2.25
2011.01.26 14:27:53.153,0.72443,0.72488,2.59,2.25
2011.01.26 14:27:53.923,0.72443,0.72488,2.82,2.25
2011.01.26 14:27:55.061,0.72443,0.72488,3.12,2.25
2011.01.26 14:27:56.236,0.72443,0.72488,2.89,2.25
2011.01.26 14:27:56.487,0.72445,0.7249,2.70,2.44
2011.01.26 14:27:58.739,0.72445,0.7249,2.63,2.44
2011.01.26 14:27:58.848,0.72445,0.7249,2.25,2.44
2011.01.26 14:27:58.958,0.72441,0.72486,2.89,2.25
2011.01.26 14:28:00.787,0.72441,0.72486,2.97,2.25
2011.01.26 14:28:01.611,0.72441,0.72486,2.97,2.25
2011.01.26 14:28:01.719,0.72448,0.72486,1.32,2.25
2011.01.26 14:28:02.386,0.72449,0.72496,2.82,2.25
2011.01.26 14:28:02.500,0.72449,0.72496,2.82,2.33
2011.01.26 14:28:02.825,0.72449,0.72496,2.82,2.25
2011.01.26 14:28:03.402,0.72449,0.72496,2.82,2.63
2011.01.26 14:28:04.003,0.72447,0.72485,2.25,2.25
2011.01.26 14:28:04.229,0.72441,0.72486,2.44,2.25
2011.01.26 14:28:04.851,0.72441,0.72488,2.33,2.25
2011.01.26 14:28:04.958,0.72441,0.72488,6.30,2.25
2011.01.26 14:28:05.068,0.72444,0.72491,2.70,2.44
2011.01.26 14:28:05.561,0.72442,0.72487,2.78,2.25
2011.01.26 14:28:06.553,0.72442,0.72487,8.33,2.25
2011.01.26 14:28:07.414,0.72442,0.72487,8.22,2.25
2011.01.26 14:28:07.639,0.72445,0.7249,2.52,2.25
2011.01.26 14:28:07.749,0.72445,0.7249,5.97,2.25
2011.01.26 14:28:07.858,0.72445,0.7249,2.89,2.25
2011.01.26 14:28:08.433,0.72445,0.7249,2.97,2.25
2011.01.26 14:28:08.541,0.72445,0.72492,2.59,2.25
2011.01.26 14:28:09.331,0.72446,0.72492,1.28,2.25
2011.01.26 14:28:10.914,0.72446,0.72488,1.28,2.25
2011.01.26 14:28:11.029,0.72441,0.72488,6.27,2.25
2011.01.26 14:28:11.645,0.72444,0.72491,2.70,2.25
2011.01.26 14:28:12.148,0.72444,0.72491,3.00,2.25
2011.01.26 14:28:12.889,0.72453,0.72491,2.63,2.25
2011.01.26 14:28:15.831,0.72453,0.72491,6.45,2.25
2011.01.26 14:28:17.219,0.72453,0.72491,2.89,2.25
2011.01.26 14:28:17.354,0.72453,0.72491,2.97,2.25
2011.01.26 14:28:18.493,0.72453,0.72491,2.89,2.25
2011.01.26 14:28:18.779,0.72453,0.72491,2.89,2.25
2011.01.26 14:28:18.889,0.72453,0.72491,2.97,2.25
2011.01.26 14:28:19.960,0.72453,0.72491,2.97,2.25
2011.01.26 14:28:20.668,0.72453,0.72491,2.97,2.25
2011.01.26 14:28:20.811,0.72452,0.72492,2.97,2.25
2011.01.26 14:28:20.917,0.72452,0.72492,6.34,2.25
2011.01.26 14:28:21.542,0.7245,0.72489,3.57,2.25
2011.01.26 14:28:22.320,0.72453,0.72491,2.89,2.25
2011.01.26 14:28:23.097,0.72453,0.72491,2.89,2.25
2011.01.26 14:28:25.632,0.72453,0.72491,2.97,2.25
2011.01.26 14:28:28.006,0.72452,0.72489,6.34,2.25
2011.01.26 14:28:30.792,0.72452,0.72489,2.89,2.25
2011.01.26 14:28:31.482,0.72452,0.72492,6.34,2.25
2011.01.26 14:28:31.731,0.72452,0.72492,2.89,2.25
2011.01.26 14:28:34.730,0.72451,0.7249,2.82,2.25
2011.01.26 14:28:35.429,0.72451,0.7249,2.82,2.25
2011.01.26 14:28:35.759,0.72452,0.72492,6.34,2.25
2011.01.26 14:28:36.638,0.72456,0.72496,2.89,2.25
2011.01.26 14:28:37.680,0.72456,0.72496,2.82,2.25
2011.01.26 14:28:39.186,0.72458,0.72501,2.25,1.39
2011.01.26 14:28:39.303,0.72459,0.72506,2.44,2.82
2011.01.26 14:28:40.190,0.72459,0.72506,2.59,2.82
2011.01.26 14:28:40.789,0.72459,0.72506,2.44,2.82
2011.01.26 14:28:41.273,0.72459,0.72506,2.52,2.82
2011.01.26 14:28:42.531,0.72459,0.72506,2.52,2.82
2011.01.26 14:28:44.272,0.72467,0.72507,2.63,2.63
2011.01.26 14:28:46.238,0.72467,0.72507,3.08,2.25
2011.01.26 14:28:46.458,0.72487,0.72525,3.57,2.25
2011.01.26 14:28:46.999,0.72491,0.7253,2.82,2.82
2011.01.26 14:28:47.558,0.72491,0.72529,2.25,3.19
2011.01.26 14:28:48.052,0.72486,0.72526,3.94,2.44
2011.01.26 14:28:48.522,0.72486,0.72526,2.52,2.44
2011.01.26 14:28:50.339,0.72489,0.72527,2.25,2.52
2011.01.26 14:28:50.933,0.72489,0.72527,2.44,2.25
2011.01.26 14:28:51.784,0.72489,0.72527,2.25,2.82
2011.01.26 14:28:52.572,0.72489,0.72527,2.25,2.63
2011.01.26 14:28:54.181,0.72489,0.72527,2.25,2.82
2011.01.26 14:28:59.609,0.72493,0.7253,2.25,3.19
2011.01.26 14:28:59.828,0.72493,0.7253,2.25,2.52
2011.01.26 14:29:00.511,0.72489,0.72527,2.44,2.63
2011.01.26 14:29:00.929,0.72489,0.72527,2.25,2.82
2011.01.26 14:29:02.298,0.72489,0.72527,2.44,2.25
2011.01.26 14:29:02.407,0.72489,0.72536,2.44,3.57
2011.01.26 14:29:04.190,0.72489,0.72536,2.44,2.82
2011.01.26 14:29:04.298,0.72489,0.72533,2.25,1.32
2011.01.26 14:29:04.928,0.72489,0.72527,2.25,2.82
2011.01.26 14:29:05.040,0.72486,0.7252,2.25,2.25
2011.01.26 14:29:06.106,0.72486,0.7252,2.25,2.44
2011.01.26 14:29:06.219,0.72479,0.72513,2.25,1.32
2011.01.26 14:29:06.328,0.72475,0.72511,2.25,3.19
2011.01.26 14:29:08.732,0.7248,0.72514,2.25,2.44
2011.01.26 14:29:10.711,0.72483,0.72517,2.44,2.82
2011.01.26 14:29:11.364,0.72482,0.72521,2.44,1.32
2011.01.26 14:29:12.579,0.72482,0.72522,2.44,6.45
2011.01.26 14:29:16.311,0.72482,0.72522,2.44,6.45
2011.01.26 14:29:16.436,0.72482,0.72522,2.52,2.89
2011.01.26 14:29:17.118,0.72482,0.72522,2.44,6.27
2011.01.26 14:29:18.631,0.72483,0.72521,2.25,2.89
2011.01.26 14:29:19.839,0.72483,0.72521,2.44,2.70
2011.01.26 14:29:19.947,0.72483,0.72521,2.44,2.63
2011.01.26 14:29:20.057,0.72487,0.72524,2.25,2.89
2011.01.26 14:29:20.168,0.72487,0.72524,2.25,2.89
2011.01.26 14:29:20.984,0.72487,0.72524,2.25,2.89
2011.01.26 14:29:21.098,0.72487,0.72524,2.25,3.64
2011.01.26 14:29:21.208,0.72483,0.72523,2.25,6.45
2011.01.26 14:29:21.786,0.72483,0.7252,2.25,1.47
2011.01.26 14:29:21.901,0.7248,0.72517,2.25,2.82
2011.01.26 14:29:23.318,0.7248,0.72517,2.25,2.89
2011.01.26 14:29:23.648,0.7248,0.72517,2.25,2.89
2011.01.26 14:29:27.265,0.7248,0.72517,2.25,2.89
2011.01.26 14:29:27.380,0.7248,0.72517,2.25,2.82
2011.01.26 14:29:28.670,0.72475,0.72511,2.25,2.44
2011.01.26 14:29:29.018,0.72475,0.72511,2.25,3.19
2011.01.26 14:29:29.576,0.72475,0.72511,2.25,3.19
2011.01.26 14:29:29.690,0.72465,0.7251,3.19,1.32
2011.01.26 14:29:30.679,0.72465,0.72512,2.25,3.64
2011.01.26 14:29:33.332,0.72465,0.72512,2.44,2.78
2011.01.26 14:29:33.819,0.72473,0.72513,2.25,2.70
2011.01.26 14:29:35.078,0.72478,0.72515,2.25,2.52
2011.01.26 14:29:37.269,0.72478,0.72515,2.25,2.44
2011.01.26 14:29:37.939,0.72477,0.72515,2.25,2.59
2011.01.26 14:29:39.094,0.72477,0.72515,2.25,2.52
2011.01.26 14:29:40.709,0.72477,0.72515,2.25,2.44
2011.01.26 14:29:41.429,0.72477,0.72515,2.25,2.59
2011.01.26 14:29:41.981,0.72477,0.72515,2.63,2.44
