2017.01.25 21:00:00.063,0.72663,0.7268,0.37,0.75
2017.01.25 21:00:00.164,0.72663,0.72682,0.37,0.75
2017.01.25 21:00:00.298,0.72665,0.72682,0.37,0.75
2017.01.25 21:00:00.875,0.72665,0.72683,0.37,0.75
2017.01.25 21:00:01.563,0.72665,0.72684,0.37,0.75
2017.01.25 21:00:02.833,0.72665,0.72683,0.37,0.75
2017.01.25 21:00:03.368,0.72665,0.72684,0.37,0.75
2017.01.25 21:00:03.899,0.72665,0.72683,0.37,0.75
2017.01.25 21:00:04.424,0.72665,0.72684,0.37,0.75
2017.01.25 21:00:05.202,0.72665,0.72686,0.37,0.75
2017.01.25 21:00:05.943,0.72665,0.72685,0.37,0.75
2017.01.25 21:00:06.248,0.72665,0.7268,0.37,0.75
2017.01.25 21:00:06.440,0.72665,0.72685,0.37,0.75
2017.01.25 21:00:06.959,0.72665,0.72686,0.37,0.75
2017.01.25 21:00:07.239,0.72665,0.72684,0.37,0.37
2017.01.25 21:00:07.576,0.72663,0.72681,0.37,0.75
2017.01.25 21:00:08.178,0.72662,0.72681,0.75,0.75
2017.01.25 21:00:08.831,0.72661,0.7268,1.72,0.75
2017.01.25 21:00:09.499,0.72662,0.7268,0.75,0.75
2017.01.25 21:00:10.057,0.72662,0.72683,0.75,0.37
2017.01.25 21:00:10.325,0.72662,0.72681,0.75,0.75
2017.01.25 21:00:10.993,0.72662,0.72683,0.75,0.37
2017.01.25 21:00:12.855,0.72664,0.72683,0.75,0.37
2017.01.25 21:00:13.004,0.72664,0.72686,1.12,1.12
2017.01.25 21:00:13.759,0.72664,0.72685,1.12,0.75
2017.01.25 21:00:15.461,0.72664,0.72686,1.12,1.12
2017.01.25 21:00:15.613,0.72662,0.72684,0.37,0.75
2017.01.25 21:00:15.926,0.7266,0.72679,0.37,0.37
2017.01.25 21:00:16.159,0.72657,0.72679,0.37,0.37
2017.01.25 21:00:16.335,0.72659,0.72679,0.75,0.37
2017.01.25 21:00:16.923,0.7266,0.7268,0.37,0.37
2017.01.25 21:00:17.670,0.7266,0.72679,0.37,0.37
2017.01.25 21:00:18.701,0.7266,0.72677,0.37,0.37
2017.01.25 21:00:18.823,0.72656,0.72676,0.37,0.37
2017.01.25 21:00:19.013,0.72656,0.72678,0.37,0.37
2017.01.25 21:00:20.630,0.72658,0.7268,0.37,2.25
2017.01.25 21:00:21.771,0.72658,0.72676,0.37,0.75
2017.01.25 21:00:22.726,0.72655,0.72676,1.12,0.75
2017.01.25 21:00:24.937,0.72655,0.72675,1.12,0.75
2017.01.25 21:00:25.532,0.72654,0.72675,1.12,1.12
2017.01.25 21:00:26.498,0.72656,0.72675,0.37,0.75
2017.01.25 21:00:28.436,0.72656,0.72676,1.12,0.75
2017.01.25 21:00:29.806,0.72656,0.72675,1.12,0.75
2017.01.25 21:00:30.417,0.72656,0.72676,0.37,0.75
2017.01.25 21:00:31.655,0.72656,0.72675,0.37,0.75
2017.01.25 21:00:31.807,0.72656,0.72677,0.37,0.37
2017.01.25 21:00:32.512,0.72656,0.72675,0.37,0.75
2017.01.25 21:00:33.217,0.72656,0.72676,0.37,0.75
2017.01.25 21:00:33.821,0.72656,0.72677,0.37,0.37
2017.01.25 21:00:34.495,0.72655,0.72676,0.75,0.37
2017.01.25 21:00:35.039,0.72654,0.72676,0.75,0.37
2017.01.25 21:00:39.051,0.72656,0.72676,0.75,0.37
2017.01.25 21:00:40.807,0.72654,0.72676,0.75,1.50
2017.01.25 21:00:41.078,0.72656,0.72676,0.37,0.75
2017.01.25 21:00:45.737,0.72656,0.72677,0.37,0.75
2017.01.25 21:00:46.444,0.72656,0.72676,0.37,0.75
2017.01.25 21:00:47.413,0.72656,0.72677,0.37,0.75
2017.01.25 21:00:48.295,0.72656,0.72675,0.37,0.75
2017.01.25 21:00:49.518,0.72656,0.72676,0.37,0.75
2017.01.25 21:00:51.114,0.72656,0.72677,0.37,0.37
2017.01.25 21:00:51.792,0.72656,0.72676,0.37,0.75
2017.01.25 21:00:54.956,0.72656,0.72677,1.50,0.37
2017.01.25 21:00:55.588,0.72656,0.72675,1.12,0.75
2017.01.25 21:00:56.295,0.72656,0.72676,0.37,0.75
2017.01.25 21:00:57.238,0.72656,0.72677,0.37,0.37
2017.01.25 21:00:57.802,0.72656,0.72676,0.37,0.37
2017.01.25 21:00:58.393,0.72655,0.72676,1.12,0.75
2017.01.25 21:01:00.387,0.72655,0.72675,0.75,0.75
2017.01.25 21:01:00.774,0.72656,0.72677,0.37,0.37
2017.01.25 21:01:01.415,0.72656,0.72676,0.37,0.75
2017.01.25 21:01:03.546,0.72655,0.72675,1.12,0.37
2017.01.25 21:01:05.319,0.72656,0.72675,0.37,0.75
2017.01.25 21:01:05.904,0.72656,0.72676,0.37,0.75
2017.01.25 21:01:06.414,0.72656,0.72677,0.37,0.75
2017.01.25 21:01:09.470,0.72656,0.72676,0.37,0.37
2017.01.25 21:01:16.736,0.72656,0.72677,0.37,0.75
2017.01.25 21:01:18.025,0.72656,0.72675,0.37,0.37
2017.01.25 21:01:18.595,0.72655,0.72675,1.12,0.75
2017.01.25 21:01:20.994,0.72655,0.72671,0.37,0.75
2017.01.25 21:01:25.210,0.72655,0.72675,0.37,1.12
2017.01.25 21:01:27.736,0.72655,0.72671,0.37,0.75
2017.01.25 21:01:27.793,0.72655,0.72675,0.37,0.37
2017.01.25 21:01:28.013,0.72655,0.72671,0.37,0.75
2017.01.25 21:01:28.918,0.72655,0.72675,0.37,0.37
2017.01.25 21:01:29.028,0.72655,0.72671,0.37,0.75
2017.01.25 21:01:29.578,0.72654,0.72671,0.37,0.75
2017.01.25 21:01:30.367,0.72654,0.7267,0.75,0.75
2017.01.25 21:01:34.395,0.72654,0.72671,0.37,0.75
2017.01.25 21:01:34.546,0.72654,0.72675,0.37,0.75
2017.01.25 21:01:35.140,0.72655,0.72675,0.37,0.75
2017.01.25 21:01:39.152,0.72654,0.72676,0.37,1.12
2017.01.25 21:01:40.728,0.72657,0.72676,0.37,1.12
2017.01.25 21:01:43.229,0.72654,0.72676,1.12,1.12
2017.01.25 21:01:44.173,0.72654,0.7267,1.12,0.75
2017.01.25 21:01:44.224,0.72654,0.72676,1.12,0.75
2017.01.25 21:01:45.106,0.72654,0.72671,1.12,0.75
2017.01.25 21:01:46.132,0.72654,0.7267,1.50,0.75
2017.01.25 21:01:47.074,0.72654,0.72675,1.12,0.37
2017.01.25 21:01:47.732,0.72654,0.72671,1.12,0.75
2017.01.25 21:01:49.612,0.72654,0.72675,0.75,0.75
2017.01.25 21:01:50.907,0.72655,0.72676,0.37,1.87
2017.01.25 21:01:52.730,0.72655,0.72675,0.37,0.37
2017.01.25 21:01:53.307,0.72655,0.72676,0.75,1.50
2017.01.25 21:01:57.939,0.72655,0.72675,0.37,0.75
2017.01.25 21:01:59.845,0.72655,0.72676,0.37,1.50
2017.01.25 21:02:00.450,0.72655,0.72671,0.37,0.75
2017.01.25 21:02:00.551,0.72652,0.72671,1.12,0.75
2017.01.25 21:02:01.122,0.72653,0.72671,0.37,0.75
2017.01.25 21:02:01.549,0.72655,0.72671,0.75,0.75
2017.01.25 21:02:07.072,0.72654,0.72671,0.75,0.75
2017.01.25 21:02:09.667,0.72655,0.72671,0.37,0.75
2017.01.25 21:02:10.067,0.72654,0.72675,1.12,1.12
2017.01.25 21:02:10.773,0.72656,0.72675,0.37,0.75
2017.01.25 21:02:11.364,0.72656,0.72676,0.37,1.50
2017.01.25 21:02:12.021,0.72656,0.72675,0.37,0.75
2017.01.25 21:02:26.296,0.72656,0.72676,0.37,1.50
2017.01.25 21:02:27.184,0.72656,0.72675,0.37,0.75
2017.01.25 21:02:29.441,0.72656,0.72673,1.12,0.37
2017.01.25 21:02:29.926,0.72658,0.72673,0.37,0.37
2017.01.25 21:02:30.477,0.72657,0.72673,0.37,0.37
2017.01.25 21:02:30.918,0.72657,0.72675,0.37,0.75
2017.01.25 21:02:36.267,0.72657,0.72674,0.37,0.75
2017.01.25 21:02:37.147,0.72657,0.72676,0.37,0.75
2017.01.25 21:02:37.198,0.72658,0.72678,0.75,0.37
2017.01.25 21:02:37.299,0.72661,0.72679,0.37,0.37
2017.01.25 21:02:37.400,0.72661,0.72681,1.12,0.37
2017.01.25 21:02:37.501,0.72663,0.72682,0.37,0.75
2017.01.25 21:02:38.378,0.72663,0.72683,0.37,1.12
2017.01.25 21:02:38.932,0.72663,0.72681,0.37,0.75
2017.01.25 21:02:39.507,0.72663,0.72683,0.37,1.12
2017.01.25 21:02:45.192,0.72665,0.72683,0.37,0.37
2017.01.25 21:02:45.847,0.72666,0.72684,0.37,0.75
2017.01.25 21:02:46.451,0.72666,0.72685,0.37,0.75
2017.01.25 21:02:46.901,0.72668,0.72686,0.37,1.50
2017.01.25 21:02:48.355,0.72668,0.72685,0.37,0.75
2017.01.25 21:02:50.593,0.72668,0.72686,0.37,0.75
2017.01.25 21:02:57.642,0.72671,0.72685,0.37,0.75
2017.01.25 21:02:57.813,0.72669,0.72685,0.37,0.75
2017.01.25 21:03:06.855,0.72669,0.72686,0.37,0.75
2017.01.25 21:03:07.368,0.72669,0.72687,0.37,0.75
2017.01.25 21:03:08.726,0.7267,0.72687,0.75,0.75
2017.01.25 21:03:08.837,0.72672,0.72687,0.37,0.75
2017.01.25 21:03:11.386,0.72672,0.72689,0.37,0.75
2017.01.25 21:03:21.264,0.72672,0.72688,0.37,0.37
2017.01.25 21:03:21.794,0.72672,0.72687,0.37,0.75
2017.01.25 21:03:23.148,0.72672,0.72688,0.37,0.75
2017.01.25 21:03:24.386,0.72671,0.72688,0.37,0.75
2017.01.25 21:03:31.679,0.72671,0.72686,0.37,0.75
2017.01.25 21:03:32.413,0.72671,0.72688,0.37,0.75
2017.01.25 21:03:39.612,0.72671,0.72685,0.37,0.75
2017.01.25 21:03:39.847,0.72668,0.72685,0.37,0.75
2017.01.25 21:03:40.717,0.72668,0.72687,0.37,0.75
2017.01.25 21:03:54.278,0.7267,0.72687,0.37,0.75
2017.01.25 21:04:00.429,0.7267,0.72689,0.37,0.75
2017.01.25 21:04:00.681,0.72673,0.72689,0.37,0.75
2017.01.25 21:04:02.312,0.72671,0.72685,1.37,1.00
2017.01.25 21:04:03.564,0.7267,0.72685,1.37,1.00
2017.01.25 21:04:04.359,0.7267,0.72689,1.37,1.00
2017.01.25 21:04:06.447,0.7267,0.72688,1.87,1.00
2017.01.25 21:04:07.791,0.7267,0.72685,1.87,1.00
2017.01.25 21:04:09.031,0.7267,0.72688,1.87,1.00
2017.01.25 21:04:11.506,0.7267,0.72689,1.37,1.00
2017.01.25 21:04:14.812,0.7267,0.72686,1.37,1.00
2017.01.25 21:04:16.695,0.7267,0.72685,1.37,1.00
2017.01.25 21:04:21.680,0.72669,0.72686,1.37,1.00
2017.01.25 21:04:22.006,0.72671,0.72686,1.37,1.00
2017.01.25 21:04:22.244,0.72669,0.72689,1.87,1.00
2017.01.25 21:04:22.344,0.72669,0.72689,1.87,1.00
2017.01.25 21:04:27.078,0.72669,0.72688,1.37,1.00
2017.01.25 21:04:28.540,0.72669,0.72689,1.37,1.00
2017.01.25 21:04:37.302,0.72669,0.72682,1.37,1.00
2017.01.25 21:04:37.503,0.7266,0.72681,1.87,1.00
2017.01.25 21:04:37.604,0.7266,0.72681,1.87,1.00
2017.01.25 21:04:42.781,0.7266,0.72685,1.87,2.25
2017.01.25 21:04:45.928,0.72661,0.72685,1.37,1.50
2017.01.25 21:04:46.029,0.72661,0.72684,1.37,1.12
2017.01.25 21:04:46.143,0.72661,0.72684,1.37,1.37
2017.01.25 21:04:46.505,0.72664,0.72685,1.00,1.50
2017.01.25 21:04:46.820,0.7267,0.72691,1.37,1.00
2017.01.25 21:04:47.021,0.72667,0.72691,1.37,1.37
2017.01.25 21:04:47.568,0.72667,0.72689,1.37,1.50
2017.01.25 21:04:48.167,0.72667,0.72689,1.37,1.12
2017.01.25 21:04:52.124,0.72669,0.72691,1.12,1.00
2017.01.25 21:04:52.258,0.72669,0.72691,1.37,1.00
2017.01.25 21:04:53.830,0.72669,0.7269,1.37,1.00
2017.01.25 21:04:54.951,0.72669,0.72691,1.37,1.00
2017.01.25 21:04:55.124,0.72667,0.72691,1.37,1.87
2017.01.25 21:04:55.326,0.72668,0.72691,1.37,1.50
2017.01.25 21:04:59.425,0.72668,0.7269,1.37,1.00
2017.01.25 21:04:59.928,0.72667,0.7269,1.87,1.00
2017.01.25 21:05:04.062,0.72668,0.72691,1.12,1.12
2017.01.25 21:05:07.553,0.72669,0.72691,1.00,1.87
2017.01.25 21:05:08.092,0.72669,0.72691,1.37,1.00
2017.01.25 21:05:12.982,0.72669,0.72691,1.00,1.50
2017.01.25 21:05:13.334,0.72669,0.72685,1.00,1.00
2017.01.25 21:05:15.473,0.72669,0.7269,1.00,1.00
2017.01.25 21:05:15.675,0.72667,0.7269,1.12,1.37
2017.01.25 21:05:16.003,0.72662,0.72683,1.12,1.12
2017.01.25 21:05:16.984,0.72662,0.72686,1.87,2.25
2017.01.25 21:05:17.890,0.72662,0.72686,2.25,2.25
2017.01.25 21:05:19.653,0.72665,0.72686,1.00,1.50
2017.01.25 21:05:19.971,0.72668,0.72686,1.12,1.00
2017.01.25 21:05:21.603,0.72669,0.72686,1.00,1.00
2017.01.25 21:05:23.618,0.72669,0.7269,1.00,1.00
2017.01.25 21:05:23.668,0.72669,0.72686,1.00,1.00
2017.01.25 21:05:24.427,0.7267,0.72686,1.00,1.00
2017.01.25 21:05:26.740,0.7267,0.72685,1.00,1.00
2017.01.25 21:05:27.117,0.7267,0.72685,1.37,1.00
2017.01.25 21:05:31.826,0.72669,0.72686,1.87,1.00
2017.01.25 21:05:38.733,0.72669,0.72686,1.12,1.00
2017.01.25 21:05:38.834,0.72667,0.72681,1.37,1.00
2017.01.25 21:05:38.996,0.72661,0.72681,1.00,1.12
2017.01.25 21:05:39.543,0.7266,0.72681,1.12,1.00
2017.01.25 21:05:40.176,0.72661,0.72681,1.00,1.00
2017.01.25 21:05:40.311,0.72663,0.72681,1.00,1.00
2017.01.25 21:05:40.865,0.72663,0.7268,1.00,1.00
2017.01.25 21:05:41.460,0.7266,0.7268,2.25,1.00
2017.01.25 21:05:43.859,0.72661,0.72681,1.37,1.00
2017.01.25 21:05:45.615,0.7266,0.72676,1.87,1.00
2017.01.25 21:05:46.125,0.7266,0.72675,1.87,1.00
2017.01.25 21:05:46.786,0.7266,0.72676,1.87,1.00
2017.01.25 21:05:47.610,0.7266,0.7268,1.37,1.00
2017.01.25 21:05:50.866,0.7266,0.72681,1.87,1.00
2017.01.25 21:05:54.637,0.7266,0.7268,1.87,1.00
2017.01.25 21:05:55.341,0.72659,0.7268,1.12,1.00
2017.01.25 21:05:55.634,0.7266,0.72678,1.00,1.00
2017.01.25 21:06:00.099,0.7266,0.7268,1.00,1.00
2017.01.25 21:06:03.197,0.72662,0.7268,1.00,1.00
2017.01.25 21:06:03.248,0.72663,0.72682,1.00,1.00
2017.01.25 21:06:03.398,0.72664,0.72683,1.37,1.00
2017.01.25 21:06:04.112,0.72663,0.72683,1.37,1.00
2017.01.25 21:06:04.663,0.72663,0.72684,1.37,1.00
2017.01.25 21:06:05.176,0.72665,0.72685,1.12,1.00
2017.01.25 21:06:08.428,0.72664,0.72684,1.37,1.00
2017.01.25 21:06:08.575,0.72663,0.72684,1.12,1.12
2017.01.25 21:06:09.456,0.72664,0.72684,1.00,1.00
2017.01.25 21:06:11.890,0.72663,0.72684,1.12,1.00
2017.01.25 21:06:13.753,0.72664,0.72684,1.00,1.00
2017.01.25 21:06:14.319,0.72664,0.72681,1.00,1.00
2017.01.25 21:06:21.640,0.72664,0.7268,1.00,1.00
2017.01.25 21:06:22.249,0.72663,0.7268,1.12,1.00
2017.01.25 21:06:28.116,0.72663,0.72681,1.12,1.00
2017.01.25 21:06:34.745,0.72662,0.72681,1.50,1.00
2017.01.25 21:06:39.517,0.72661,0.7268,1.50,1.00
2017.01.25 21:06:39.867,0.72659,0.7268,1.12,1.00
2017.01.25 21:06:40.555,0.7266,0.7268,1.00,1.50
2017.01.25 21:06:41.549,0.7266,0.7268,1.00,3.37
2017.01.25 21:06:41.720,0.72658,0.72678,1.00,1.37
2017.01.25 21:06:42.242,0.72658,0.72676,1.12,1.00
2017.01.25 21:06:58.537,0.72657,0.72676,1.37,1.37
2017.01.25 21:06:58.631,0.72655,0.72675,1.12,2.62
2017.01.25 21:06:58.732,0.72656,0.72675,1.00,1.00
2017.01.25 21:06:58.782,0.72658,0.72675,1.00,1.00
2017.01.25 21:06:59.496,0.72658,0.72676,1.00,1.00
2017.01.25 21:06:59.992,0.7266,0.72676,1.00,1.00
2017.01.25 21:07:01.513,0.72658,0.72676,1.00,1.00
2017.01.25 21:07:05.360,0.72658,0.72671,1.00,1.00
2017.01.25 21:07:05.463,0.72656,0.72676,1.00,1.50
2017.01.25 21:07:05.514,0.72659,0.72676,1.00,1.00
2017.01.25 21:07:06.815,0.72658,0.72676,1.00,1.00
2017.01.25 21:07:08.259,0.72658,0.72679,1.00,1.12
2017.01.25 21:07:08.961,0.72658,0.72676,1.00,1.12
2017.01.25 21:07:09.062,0.72655,0.72676,1.12,1.87
2017.01.25 21:07:09.112,0.72658,0.72676,1.00,1.87
2017.01.25 21:07:09.991,0.72658,0.72677,1.00,1.00
2017.01.25 21:07:10.385,0.72658,0.72675,1.00,1.00
2017.01.25 21:07:10.659,0.72658,0.72679,1.00,1.00
2017.01.25 21:07:11.376,0.72657,0.72678,1.50,1.00
2017.01.25 21:07:14.485,0.72658,0.72679,1.00,1.00
2017.01.25 21:07:14.810,0.72658,0.72676,1.00,1.00
2017.01.25 21:07:19.133,0.72658,0.72676,1.37,1.00
2017.01.25 21:07:19.335,0.72658,0.72679,2.25,1.00
2017.01.25 21:07:19.436,0.72658,0.72676,2.25,1.00
2017.01.25 21:07:19.696,0.72658,0.72676,1.12,1.00
2017.01.25 21:07:20.311,0.72658,0.72675,1.12,1.00
2017.01.25 21:07:20.869,0.72658,0.72676,1.12,1.00
2017.01.25 21:07:21.839,0.72659,0.72676,1.00,1.00
2017.01.25 21:07:23.215,0.72659,0.72676,1.37,1.00
2017.01.25 21:07:23.747,0.72661,0.72676,1.00,1.00
2017.01.25 21:07:24.214,0.72661,0.7268,1.00,1.00
2017.01.25 21:07:26.197,0.72664,0.72681,1.00,1.50
2017.01.25 21:07:26.248,0.72659,0.7268,1.00,1.87
2017.01.25 21:07:26.386,0.72662,0.72681,1.00,1.87
2017.01.25 21:07:26.689,0.72662,0.72681,3.00,1.50
2017.01.25 21:07:27.328,0.72663,0.72681,1.12,1.00
2017.01.25 21:07:27.885,0.72663,0.7268,1.12,1.00
2017.01.25 21:07:30.040,0.72663,0.72684,1.12,1.00
2017.01.25 21:07:30.628,0.72664,0.72684,1.00,1.00
2017.01.25 21:07:31.668,0.72664,0.72685,1.00,1.12
2017.01.25 21:07:32.045,0.72662,0.72683,1.50,1.00
2017.01.25 21:07:38.933,0.72662,0.72684,1.50,1.00
2017.01.25 21:07:40.316,0.72663,0.7268,1.12,1.00
2017.01.25 21:07:42.455,0.72661,0.72681,1.37,1.00
2017.01.25 21:07:42.544,0.72661,0.72681,1.00,1.00
2017.01.25 21:07:43.413,0.72662,0.72681,1.00,1.00
2017.01.25 21:07:43.700,0.72664,0.72681,1.00,1.00
2017.01.25 21:07:43.985,0.72664,0.72683,1.12,1.00
2017.01.25 21:07:44.241,0.72664,0.72686,1.87,1.87
2017.01.25 21:07:44.328,0.72664,0.72686,2.25,1.50
2017.01.25 21:07:44.429,0.72664,0.72686,1.50,1.50
2017.01.25 21:07:49.497,0.72664,0.72685,1.12,1.00
2017.01.25 21:07:52.016,0.72665,0.72685,1.00,1.00
2017.01.25 21:07:53.415,0.72665,0.72686,1.00,1.50
2017.01.25 21:07:53.996,0.72665,0.72685,1.00,1.00
2017.01.25 21:07:54.716,0.72665,0.7268,1.00,1.00
2017.01.25 21:07:55.402,0.72663,0.7268,1.87,1.00
2017.01.25 21:07:57.577,0.72663,0.72684,1.87,1.00
2017.01.25 21:08:00.423,0.72664,0.72685,1.50,1.50
2017.01.25 21:08:00.867,0.72667,0.72685,1.00,1.00
2017.01.25 21:08:06.054,0.72667,0.72686,1.00,1.50
2017.01.25 21:08:11.197,0.72667,0.72685,1.12,1.00
2017.01.25 21:08:14.084,0.72669,0.72685,1.00,1.00
2017.01.25 21:08:14.743,0.72669,0.72686,1.00,1.00
2017.01.25 21:08:15.046,0.72666,0.7268,1.50,1.00
2017.01.25 21:08:15.679,0.72668,0.72681,1.12,1.00
2017.01.25 21:08:16.159,0.72668,0.72685,1.12,1.00
2017.01.25 21:08:16.691,0.72668,0.72686,1.12,1.00
2017.01.25 21:08:17.760,0.72669,0.72686,1.00,1.00
2017.01.25 21:08:18.505,0.72669,0.72685,1.00,1.00
2017.01.25 21:08:19.016,0.72667,0.72686,1.87,1.00
2017.01.25 21:08:19.217,0.7267,0.72686,1.00,1.00
2017.01.25 21:08:19.538,0.72668,0.72686,1.00,1.00
2017.01.25 21:08:19.813,0.7267,0.7269,1.00,1.50
2017.01.25 21:08:19.914,0.7267,0.72686,1.00,1.00
2017.01.25 21:08:20.115,0.7267,0.7269,1.00,1.50
2017.01.25 21:08:20.400,0.7267,0.72685,1.00,1.00
2017.01.25 21:08:20.596,0.72669,0.72689,1.00,1.00
2017.01.25 21:08:21.111,0.7267,0.72688,1.12,1.00
2017.01.25 21:08:27.385,0.7267,0.72686,1.12,1.00
2017.01.25 21:08:28.004,0.72668,0.72686,1.37,1.00
2017.01.25 21:08:28.615,0.72668,0.72688,1.37,1.00
2017.01.25 21:08:31.857,0.72667,0.72687,1.37,1.00
2017.01.25 21:08:31.907,0.72666,0.72685,1.87,1.00
2017.01.25 21:08:32.008,0.72666,0.72685,1.87,1.00
2017.01.25 21:08:32.700,0.72666,0.72686,1.87,1.00
2017.01.25 21:08:33.915,0.72666,0.72685,1.87,1.00
2017.01.25 21:08:34.597,0.72666,0.72686,1.87,1.50
2017.01.25 21:08:36.712,0.72668,0.72688,1.00,1.00
2017.01.25 21:08:37.348,0.72669,0.72685,1.00,1.00
2017.01.25 21:08:37.449,0.72669,0.72689,1.00,1.00
2017.01.25 21:08:37.500,0.72669,0.72689,1.37,1.00
2017.01.25 21:08:37.600,0.72671,0.72691,1.12,1.50
2017.01.25 21:08:38.142,0.72671,0.7269,1.12,1.00
2017.01.25 21:08:40.844,0.72671,0.72691,1.12,1.50
2017.01.25 21:08:41.647,0.72671,0.7269,1.12,1.00
2017.01.25 21:08:42.375,0.72671,0.72691,1.12,1.50
2017.01.25 21:08:45.726,0.72673,0.72691,1.00,1.00
2017.01.25 21:08:46.717,0.72672,0.72691,1.00,1.00
2017.01.25 21:08:47.584,0.72671,0.72691,1.12,1.50
2017.01.25 21:08:50.174,0.72669,0.7269,1.87,1.00
2017.01.25 21:08:50.477,0.72668,0.72686,1.00,1.50
2017.01.25 21:08:51.231,0.72668,0.72686,1.37,1.50
2017.01.25 21:08:51.846,0.72668,0.72685,1.37,1.00
2017.01.25 21:08:52.503,0.72669,0.72686,1.12,1.00
2017.01.25 21:09:00.280,0.72669,0.72686,1.37,1.00
2017.01.25 21:09:01.309,0.72669,0.72685,1.37,1.00
2017.01.25 21:09:01.975,0.72669,0.72686,1.37,1.00
2017.01.25 21:09:02.742,0.72669,0.72685,1.37,1.00
2017.01.25 21:09:07.457,0.72668,0.72686,1.87,1.00
2017.01.25 21:09:07.963,0.72668,0.72685,1.37,1.00
2017.01.25 21:09:08.628,0.72666,0.72685,1.87,1.00
2017.01.25 21:09:12.413,0.72666,0.72686,1.87,1.50
2017.01.25 21:09:14.301,0.72666,0.72685,1.87,1.00
2017.01.25 21:09:14.945,0.72666,0.72686,2.25,1.50
2017.01.25 21:09:17.851,0.72669,0.72685,1.12,1.00
2017.01.25 21:09:18.220,0.72668,0.72686,2.25,1.00
2017.01.25 21:09:18.815,0.72668,0.72685,1.87,1.00
2017.01.25 21:09:27.237,0.72669,0.72686,1.37,1.00
2017.01.25 21:09:30.400,0.72668,0.72685,1.87,1.00
2017.01.25 21:09:35.233,0.72668,0.72681,1.37,1.00
2017.01.25 21:09:35.334,0.72666,0.72681,1.37,1.50
2017.01.25 21:09:35.384,0.72663,0.72676,1.37,1.00
2017.01.25 21:09:35.435,0.72663,0.72676,1.37,1.00
2017.01.25 21:09:35.637,0.72663,0.72681,1.37,1.50
2017.01.25 21:09:40.964,0.72665,0.72681,1.00,1.00
2017.01.25 21:09:41.469,0.72665,0.72681,1.37,1.00
2017.01.25 21:09:44.355,0.72665,0.7268,1.37,1.00
2017.01.25 21:09:45.806,0.72665,0.72685,1.37,1.50
2017.01.25 21:09:46.614,0.72665,0.72681,1.37,1.00
2017.01.25 21:09:46.975,0.72665,0.72685,1.37,1.00
2017.01.25 21:09:47.989,0.72667,0.72686,1.00,1.50
2017.01.25 21:09:48.496,0.72667,0.72685,1.12,1.00
2017.01.25 21:09:52.139,0.72666,0.72685,1.12,1.00
2017.01.25 21:09:52.846,0.72666,0.72685,1.37,1.00
2017.01.25 21:09:54.713,0.72666,0.72686,1.37,1.00
2017.01.25 21:09:57.360,0.7267,0.72686,1.00,1.00
2017.01.25 21:09:57.461,0.72674,0.72691,1.00,1.00
2017.01.25 21:10:00.647,0.72674,0.7269,1.12,1.00
2017.01.25 21:10:01.112,0.72671,0.7269,1.87,1.00
2017.01.25 21:10:13.925,0.72672,0.72691,1.12,1.50
2017.01.25 21:10:14.431,0.72672,0.7269,1.12,1.00
2017.01.25 21:10:16.154,0.72672,0.7269,1.37,1.00
2017.01.25 21:10:21.624,0.72671,0.72691,1.87,1.00
2017.01.25 21:10:22.178,0.72672,0.7269,1.37,1.00
2017.01.25 21:10:22.744,0.72672,0.72691,1.37,1.00
2017.01.25 21:10:22.903,0.72673,0.72691,1.37,1.00
2017.01.25 21:10:29.877,0.72673,0.7269,1.87,1.00
2017.01.25 21:10:32.338,0.72673,0.72691,1.87,1.00
2017.01.25 21:10:43.435,0.72673,0.72691,1.87,1.00
2017.01.25 21:10:44.718,0.72673,0.7269,1.87,1.00
2017.01.25 21:10:45.040,0.72671,0.72689,1.12,1.00
2017.01.25 21:10:50.977,0.72671,0.72686,1.00,1.00
2017.01.25 21:10:52.254,0.72671,0.72689,1.00,1.00
2017.01.25 21:10:52.305,0.72667,0.72685,1.37,1.50
2017.01.25 21:10:52.712,0.72662,0.72681,2.10,1.00
2017.01.25 21:10:52.836,0.72662,0.72681,2.25,1.00
2017.01.25 21:10:52.887,0.72662,0.72681,3.75,1.00
2017.01.25 21:10:53.519,0.72664,0.72684,1.50,1.00
2017.01.25 21:10:54.284,0.72664,0.72684,1.50,1.00
2017.01.25 21:10:54.395,0.72665,0.72681,1.00,1.00
2017.01.25 21:10:54.951,0.72666,0.72681,1.12,1.00
2017.01.25 21:10:55.504,0.72666,0.7268,1.12,1.00
2017.01.25 21:10:57.548,0.72666,0.72681,1.12,1.00
2017.01.25 21:11:06.128,0.72666,0.72684,1.12,1.00
2017.01.25 21:11:12.910,0.72666,0.72684,1.50,1.00
2017.01.25 21:11:13.230,0.72671,0.72686,1.12,1.00
2017.01.25 21:11:13.332,0.72672,0.72691,1.37,1.50
2017.01.25 21:11:15.322,0.72673,0.72685,1.50,1.00
2017.01.25 21:11:15.854,0.72673,0.72685,2.25,1.00
2017.01.25 21:11:17.481,0.72673,0.72685,1.12,1.00
2017.01.25 21:11:19.261,0.72673,0.72691,1.12,1.00
2017.01.25 21:11:20.239,0.72673,0.7269,1.12,1.00
2017.01.25 21:11:20.694,0.72674,0.7269,1.87,1.00
2017.01.25 21:11:23.615,0.72674,0.72691,1.87,1.00
2017.01.25 21:11:28.640,0.72674,0.7269,1.87,1.00
2017.01.25 21:11:29.149,0.72674,0.72691,1.87,1.00
2017.01.25 21:11:32.251,0.72676,0.72691,1.12,1.00
2017.01.25 21:11:32.302,0.72676,0.72693,1.00,1.00
2017.01.25 21:11:32.353,0.72675,0.72693,1.37,1.00
2017.01.25 21:11:32.403,0.72675,0.72695,1.50,1.00
2017.01.25 21:11:32.555,0.72674,0.72691,1.37,1.00
2017.01.25 21:11:32.656,0.72672,0.7269,1.37,1.00
2017.01.25 21:11:32.707,0.72673,0.72693,1.37,1.00
2017.01.25 21:11:33.523,0.72673,0.72694,1.37,1.00
2017.01.25 21:11:35.963,0.72673,0.72691,1.50,1.00
2017.01.25 21:11:38.752,0.72674,0.72691,1.37,1.50
2017.01.25 21:11:38.853,0.72673,0.72691,1.00,1.50
2017.01.25 21:11:41.418,0.72673,0.7269,1.00,1.00
2017.01.25 21:11:41.989,0.72673,0.72691,1.00,1.00
2017.01.25 21:11:50.002,0.72672,0.72691,1.50,1.50
2017.01.25 21:11:50.618,0.72672,0.7269,1.12,1.00
2017.01.25 21:11:58.538,0.72671,0.72691,1.50,1.00
2017.01.25 21:11:59.189,0.72671,0.7269,1.50,1.00
2017.01.25 21:11:59.818,0.72671,0.7269,1.00,1.00
2017.01.25 21:12:07.360,0.72671,0.7269,1.87,1.00
2017.01.25 21:12:09.083,0.72671,0.7269,1.12,1.00
2017.01.25 21:12:09.789,0.72671,0.7269,1.37,1.00
2017.01.25 21:12:10.710,0.72671,0.72691,1.50,1.50
2017.01.25 21:12:11.212,0.72671,0.7269,2.25,1.00
2017.01.25 21:12:13.943,0.72671,0.72691,1.87,1.50
2017.01.25 21:12:14.169,0.72671,0.72691,3.00,1.50
2017.01.25 21:12:15.251,0.72672,0.72691,1.37,1.50
2017.01.25 21:12:15.798,0.72672,0.72692,1.50,1.00
2017.01.25 21:12:16.475,0.72672,0.72691,1.50,1.00
2017.01.25 21:12:18.976,0.72673,0.72691,1.37,1.00
2017.01.25 21:12:19.182,0.72672,0.72691,1.37,1.00
2017.01.25 21:12:21.727,0.72671,0.72691,1.12,1.12
2017.01.25 21:12:30.720,0.72671,0.7269,1.12,1.00
2017.01.25 21:12:33.746,0.72671,0.72691,1.12,1.50
2017.01.25 21:12:34.462,0.72671,0.7269,1.12,1.00
2017.01.25 21:12:35.071,0.72671,0.72691,1.12,1.00
2017.01.25 21:12:35.623,0.72672,0.7269,1.00,1.00
2017.01.25 21:12:35.775,0.72672,0.72686,1.00,1.00
2017.01.25 21:12:36.584,0.72672,0.72691,1.00,1.50
2017.01.25 21:12:36.635,0.72671,0.72689,1.12,1.00
2017.01.25 21:12:37.324,0.72671,0.72686,1.12,1.00
2017.01.25 21:12:37.827,0.72671,0.72685,1.12,1.00
2017.01.25 21:12:38.752,0.72671,0.72686,1.12,1.00
2017.01.25 21:12:40.136,0.72671,0.72685,1.12,1.00
2017.01.25 21:12:41.063,0.72671,0.72686,1.12,1.00
2017.01.25 21:12:41.579,0.72672,0.72686,1.00,1.00
2017.01.25 21:12:41.730,0.72673,0.72691,1.00,1.00
2017.01.25 21:12:41.882,0.72674,0.72685,1.00,1.00
2017.01.25 21:12:42.033,0.7267,0.72685,1.12,1.00
2017.01.25 21:12:42.235,0.7267,0.72685,2.62,1.00
2017.01.25 21:12:42.640,0.7267,0.72685,1.50,1.00
2017.01.25 21:12:43.029,0.72671,0.72685,1.87,1.00
2017.01.25 21:12:43.627,0.72671,0.72685,1.12,1.00
2017.01.25 21:12:43.829,0.72672,0.72685,1.37,1.00
2017.01.25 21:12:44.415,0.72671,0.72686,1.37,1.00
2017.01.25 21:12:44.734,0.72672,0.72686,1.37,1.00
2017.01.25 21:12:44.835,0.72672,0.72686,1.00,1.00
2017.01.25 21:12:45.391,0.72671,0.72685,1.37,1.00
2017.01.25 21:12:45.901,0.72671,0.72685,1.87,1.00
2017.01.25 21:12:46.532,0.7267,0.72685,1.50,1.00
2017.01.25 21:12:47.058,0.7267,0.72686,2.25,1.00
2017.01.25 21:12:47.310,0.72672,0.72686,1.37,1.00
2017.01.25 21:12:47.915,0.72672,0.72686,1.50,1.00
2017.01.25 21:12:48.425,0.72673,0.72686,1.00,1.00
2017.01.25 21:12:48.969,0.72673,0.72685,1.00,1.00
2017.01.25 21:12:49.474,0.72673,0.72686,1.00,1.00
2017.01.25 21:12:50.034,0.72673,0.72686,1.50,1.00
2017.01.25 21:12:50.407,0.72673,0.72691,1.50,1.00
2017.01.25 21:12:55.478,0.72673,0.7269,1.50,1.00
2017.01.25 21:12:56.009,0.72674,0.72691,1.12,1.00
2017.01.25 21:13:00.442,0.72674,0.72695,1.12,1.50
2017.01.25 21:13:01.951,0.72674,0.72694,1.12,1.00
2017.01.25 21:13:02.002,0.72674,0.72691,1.12,1.00
2017.01.25 21:13:02.825,0.72674,0.72691,1.37,1.00
2017.01.25 21:13:07.849,0.72674,0.72691,1.00,1.00
2017.01.25 21:13:08.749,0.72673,0.72691,1.00,1.00
2017.01.25 21:13:10.139,0.72673,0.7269,1.00,1.00
2017.01.25 21:13:12.853,0.72673,0.7269,1.37,1.00
2017.01.25 21:13:13.389,0.72676,0.72691,1.00,1.00
2017.01.25 21:13:14.029,0.72676,0.72691,1.37,1.00
2017.01.25 21:13:14.689,0.72676,0.72695,1.37,1.00
2017.01.25 21:13:15.315,0.72676,0.72691,1.37,1.00
2017.01.25 21:13:23.305,0.72676,0.72695,1.37,1.00
2017.01.25 21:13:23.454,0.72676,0.72691,1.37,1.00
2017.01.25 21:13:23.555,0.72676,0.72695,1.37,1.00
2017.01.25 21:13:24.076,0.72676,0.72696,1.37,1.87
2017.01.25 21:13:27.339,0.72676,0.72695,1.87,1.00
2017.01.25 21:13:29.176,0.72677,0.72695,1.37,1.00
2017.01.25 21:13:29.737,0.72677,0.72696,1.87,1.00
2017.01.25 21:13:30.348,0.72677,0.72694,1.37,1.00
2017.01.25 21:13:30.600,0.72669,0.72688,1.12,1.00
2017.01.25 21:13:31.349,0.72668,0.72687,1.37,1.00
2017.01.25 21:13:32.982,0.72668,0.72687,1.12,1.00
2017.01.25 21:13:34.540,0.72668,0.72687,1.50,1.00
2017.01.25 21:13:35.133,0.72668,0.72687,1.75,1.00
2017.01.25 21:13:35.794,0.72668,0.72688,1.75,1.00
2017.01.25 21:13:42.073,0.7267,0.72686,1.12,1.00
2017.01.25 21:13:43.158,0.72668,0.72688,1.37,1.00
2017.01.25 21:13:43.497,0.72668,0.72686,1.75,1.00
2017.01.25 21:13:43.649,0.72668,0.72688,1.75,1.00
2017.01.25 21:13:44.653,0.72669,0.72687,1.50,1.00
2017.01.25 21:13:45.221,0.72672,0.7269,1.00,1.00
2017.01.25 21:13:45.271,0.72674,0.72691,1.00,1.12
2017.01.25 21:13:45.373,0.72674,0.72695,1.12,1.37
2017.01.25 21:13:45.524,0.72674,0.72691,2.25,1.00
2017.01.25 21:13:45.775,0.72674,0.72695,2.25,1.50
2017.01.25 21:13:46.718,0.72676,0.72696,1.37,1.50
2017.01.25 21:13:49.923,0.72675,0.72691,1.37,1.00
2017.01.25 21:13:50.024,0.72673,0.72691,1.00,1.00
2017.01.25 21:13:50.910,0.72672,0.72692,1.50,1.00
2017.01.25 21:13:51.021,0.72674,0.72694,1.37,1.00
2017.01.25 21:13:52.620,0.72673,0.72693,1.87,1.00
2017.01.25 21:13:54.874,0.72672,0.72692,1.37,1.00
2017.01.25 21:13:54.925,0.72672,0.72692,1.37,1.00
2017.01.25 21:13:55.703,0.72672,0.7269,1.37,1.00
2017.01.25 21:13:57.832,0.72672,0.72691,1.37,1.00
2017.01.25 21:14:00.361,0.72674,0.72691,1.00,1.00
2017.01.25 21:14:00.412,0.72675,0.72693,1.00,1.00
2017.01.25 21:14:00.513,0.72678,0.72696,1.00,1.87
2017.01.25 21:14:01.025,0.72678,0.72696,1.87,1.00
2017.01.25 21:14:01.347,0.72679,0.72696,1.50,1.00
2017.01.25 21:14:01.782,0.72679,0.72699,2.25,1.00
2017.01.25 21:14:05.227,0.72679,0.72699,1.37,1.00
2017.01.25 21:14:05.845,0.72678,0.72695,1.37,1.00
2017.01.25 21:14:05.997,0.7268,0.72698,1.12,1.00
2017.01.25 21:14:11.548,0.7268,0.72696,1.12,1.00
2017.01.25 21:14:11.700,0.7268,0.72699,1.00,1.00
2017.01.25 21:14:11.751,0.7268,0.72696,1.00,1.00
2017.01.25 21:14:12.518,0.7268,0.72699,1.00,1.00
2017.01.25 21:14:13.318,0.72679,0.72699,1.12,1.00
2017.01.25 21:14:14.409,0.7268,0.72699,1.00,1.00
2017.01.25 21:14:14.916,0.7268,0.727,1.87,1.00
2017.01.25 21:14:18.406,0.72682,0.727,1.00,1.00
2017.01.25 21:14:19.407,0.7268,0.727,1.87,1.00
2017.01.25 21:14:21.156,0.7268,0.72699,1.87,1.00
2017.01.25 21:14:21.680,0.7268,0.727,1.87,1.00
2017.01.25 21:14:22.969,0.72681,0.72701,1.12,1.50
2017.01.25 21:14:23.666,0.72681,0.727,1.12,1.00
2017.01.25 21:14:24.326,0.72681,0.72701,1.12,1.50
2017.01.25 21:14:26.037,0.7268,0.72696,1.37,1.00
2017.01.25 21:14:26.166,0.7268,0.72698,1.00,1.00
2017.01.25 21:14:26.217,0.7268,0.727,1.00,1.87
2017.01.25 21:14:26.268,0.72682,0.72701,1.00,1.87
2017.01.25 21:14:26.976,0.72682,0.72701,1.37,1.50
2017.01.25 21:14:28.179,0.72682,0.727,1.37,1.00
2017.01.25 21:14:34.523,0.72682,0.72703,1.37,1.00
2017.01.25 21:14:38.648,0.72684,0.72703,1.00,1.00
2017.01.25 21:14:38.749,0.72684,0.72701,1.00,1.00
2017.01.25 21:14:39.359,0.72683,0.727,1.12,1.00
2017.01.25 21:14:43.258,0.72683,0.72701,1.12,1.00
2017.01.25 21:14:57.857,0.72683,0.727,1.12,1.00
2017.01.25 21:15:00.249,0.72683,0.72701,1.12,1.00
2017.01.25 21:15:01.458,0.72683,0.727,1.12,1.00
2017.01.25 21:15:01.559,0.72677,0.72696,1.37,1.00
2017.01.25 21:15:02.064,0.72679,0.72696,1.00,1.00
2017.01.25 21:15:02.719,0.72676,0.72695,1.75,1.00
2017.01.25 21:15:02.770,0.72673,0.72691,1.50,1.00
2017.01.25 21:15:02.871,0.72673,0.72691,1.37,1.00
2017.01.25 21:15:03.134,0.72677,0.72696,1.00,2.25
2017.01.25 21:15:03.285,0.7268,0.72696,1.00,1.00
2017.01.25 21:15:03.386,0.72678,0.72697,1.00,1.00
2017.01.25 21:15:03.487,0.72678,0.72699,1.00,1.00
2017.01.25 21:15:03.639,0.72677,0.72695,1.12,1.00
2017.01.25 21:15:04.371,0.72673,0.72694,1.75,1.00
2017.01.25 21:15:04.472,0.72672,0.72693,1.12,1.12
2017.01.25 21:15:04.733,0.72674,0.72694,1.00,1.87
2017.01.25 21:15:05.036,0.72677,0.72695,1.00,1.00
2017.01.25 21:15:05.729,0.72676,0.72695,1.00,1.87
2017.01.25 21:15:06.483,0.72676,0.72695,1.00,1.50
2017.01.25 21:15:06.736,0.72668,0.72689,1.00,1.00
2017.01.25 21:15:06.963,0.72671,0.72691,1.00,1.37
2017.01.25 21:15:07.064,0.72671,0.72693,1.00,2.25
2017.01.25 21:15:07.304,0.72673,0.72693,1.00,1.50
2017.01.25 21:15:07.355,0.72666,0.7269,1.37,2.25
2017.01.25 21:15:07.550,0.72669,0.72692,1.12,1.37
2017.01.25 21:15:07.601,0.72671,0.72693,1.00,1.37
2017.01.25 21:15:07.754,0.72673,0.72696,1.12,3.00
2017.01.25 21:15:08.296,0.72673,0.72693,1.00,1.00
2017.01.25 21:15:08.346,0.72668,0.72691,1.87,1.87
2017.01.25 21:15:08.699,0.72671,0.7269,1.00,1.37
2017.01.25 21:15:08.750,0.72674,0.72695,1.00,2.25
2017.01.25 21:15:08.801,0.72674,0.72695,2.62,1.87
2017.01.25 21:15:08.899,0.72677,0.727,1.12,1.37
2017.01.25 21:15:08.949,0.72677,0.72701,2.25,2.25
2017.01.25 21:15:09.524,0.72677,0.72696,1.12,1.00
2017.01.25 21:15:10.696,0.72677,0.72692,1.00,2.25
2017.01.25 21:15:10.746,0.72669,0.72691,1.12,1.87
2017.01.25 21:15:10.847,0.72672,0.72694,1.00,1.50
2017.01.25 21:15:10.948,0.72673,0.72696,1.00,1.12
2017.01.25 21:15:11.485,0.72673,0.72695,1.00,1.00
2017.01.25 21:15:11.599,0.72672,0.72691,1.50,1.00
2017.01.25 21:15:11.911,0.72676,0.72695,1.12,1.00
2017.01.25 21:15:12.041,0.72676,0.72695,2.25,1.00
2017.01.25 21:15:12.694,0.72676,0.72696,1.37,1.00
2017.01.25 21:15:12.745,0.72676,0.72696,1.00,1.12
2017.01.25 21:15:12.846,0.72672,0.72696,1.00,2.25
2017.01.25 21:15:12.912,0.72672,0.7269,1.00,1.00
2017.01.25 21:15:12.963,0.72672,0.72696,1.00,2.25
2017.01.25 21:15:13.232,0.72676,0.72695,1.50,1.37
2017.01.25 21:15:13.470,0.72674,0.72696,1.37,1.00
2017.01.25 21:15:13.571,0.72673,0.72696,1.00,1.12
2017.01.25 21:15:14.205,0.72667,0.72691,1.37,1.87
2017.01.25 21:15:14.256,0.72669,0.72691,1.00,1.87
2017.01.25 21:15:14.357,0.72671,0.72691,1.00,1.00
2017.01.25 21:15:14.685,0.72674,0.72696,1.87,1.00
2017.01.25 21:15:14.990,0.72671,0.72695,1.12,3.00
2017.01.25 21:15:15.040,0.72668,0.72691,1.87,1.00
2017.01.25 21:15:15.091,0.72668,0.72691,1.87,1.00
2017.01.25 21:15:15.142,0.72671,0.7269,1.00,1.00
2017.01.25 21:15:15.648,0.72671,0.7269,1.37,1.00
2017.01.25 21:15:15.860,0.72666,0.7269,1.37,1.50
2017.01.25 21:15:15.911,0.72671,0.7269,1.00,1.12
2017.01.25 21:15:16.063,0.72672,0.72695,1.00,1.37
2017.01.25 21:15:16.276,0.72672,0.72691,1.00,1.00
2017.01.25 21:15:16.797,0.7267,0.72691,1.37,1.00
2017.01.25 21:15:16.999,0.72672,0.72695,1.50,1.12
2017.01.25 21:15:18.229,0.72672,0.72691,1.12,1.00
2017.01.25 21:15:18.318,0.72672,0.72695,1.50,1.12
2017.01.25 21:15:19.050,0.72673,0.72691,1.00,1.00
2017.01.25 21:15:19.252,0.72673,0.72695,2.25,1.00
2017.01.25 21:15:22.974,0.72673,0.72696,2.25,1.00
2017.01.25 21:15:23.121,0.72673,0.72691,2.25,1.00
2017.01.25 21:15:23.828,0.72675,0.72691,1.00,1.00
2017.01.25 21:15:27.218,0.72674,0.72691,1.12,1.00
2017.01.25 21:15:27.471,0.7267,0.72691,1.00,1.00
2017.01.25 21:15:29.016,0.7267,0.72694,1.00,1.87
2017.01.25 21:15:29.861,0.72672,0.72693,1.00,1.37
2017.01.25 21:15:31.096,0.72672,0.72691,1.00,1.00
2017.01.25 21:15:31.607,0.72672,0.72693,1.00,1.37
2017.01.25 21:15:34.895,0.72674,0.72694,1.00,1.37
2017.01.25 21:15:34.980,0.72674,0.72694,1.00,1.12
2017.01.25 21:15:37.828,0.72672,0.72694,1.00,1.12
2017.01.25 21:15:43.402,0.72672,0.72691,1.00,1.00
2017.01.25 21:15:44.854,0.72672,0.7269,1.00,1.00
2017.01.25 21:15:45.015,0.72677,0.72696,1.00,1.87
2017.01.25 21:15:45.066,0.72675,0.72696,1.00,1.87
2017.01.25 21:15:45.117,0.72675,0.7269,1.00,1.00
2017.01.25 21:15:45.218,0.72673,0.7269,1.12,1.00
2017.01.25 21:15:46.689,0.72672,0.72691,1.37,1.00
2017.01.25 21:15:47.448,0.72672,0.72691,1.00,1.00
2017.01.25 21:15:59.922,0.72671,0.72691,1.12,1.00
2017.01.25 21:16:01.213,0.72671,0.7269,1.12,1.00
2017.01.25 21:16:04.075,0.72671,0.72691,1.12,1.00
2017.01.25 21:16:05.280,0.72671,0.7269,1.12,1.00
2017.01.25 21:16:05.955,0.72673,0.7269,1.00,1.00
2017.01.25 21:16:13.392,0.72673,0.72691,1.00,1.00
2017.01.25 21:16:14.168,0.72672,0.72691,1.12,1.00
2017.01.25 21:16:14.485,0.7267,0.72685,1.00,1.00
2017.01.25 21:16:15.225,0.72668,0.72685,1.00,1.00
2017.01.25 21:16:18.013,0.72667,0.72686,1.12,1.00
2017.01.25 21:16:23.997,0.72667,0.72688,1.00,1.12
2017.01.25 21:16:25.237,0.72667,0.72686,1.12,1.00
2017.01.25 21:16:29.069,0.72667,0.72688,1.00,1.12
2017.01.25 21:16:32.079,0.72667,0.72685,1.00,1.00
2017.01.25 21:16:33.037,0.72667,0.72689,1.00,1.37
2017.01.25 21:16:34.085,0.72667,0.72686,1.00,1.00
2017.01.25 21:16:35.944,0.72669,0.72686,1.00,1.00
2017.01.25 21:16:36.134,0.72669,0.72688,1.00,1.12
2017.01.25 21:16:36.914,0.72669,0.72686,1.00,1.00
2017.01.25 21:16:37.979,0.72667,0.72686,1.00,1.00
2017.01.25 21:16:40.012,0.72667,0.72688,1.00,1.12
2017.01.25 21:16:40.123,0.72667,0.72685,1.00,1.00
2017.01.25 21:16:42.249,0.72667,0.72688,1.00,1.12
2017.01.25 21:16:44.097,0.72667,0.72688,1.37,1.00
2017.01.25 21:16:45.011,0.72669,0.72687,1.00,1.00
2017.01.25 21:16:45.640,0.72669,0.72686,1.00,1.00
2017.01.25 21:16:51.942,0.72669,0.72685,1.00,1.00
2017.01.25 21:16:52.148,0.72669,0.72688,1.00,1.12
2017.01.25 21:16:52.249,0.72669,0.72686,1.00,1.00
2017.01.25 21:16:52.300,0.72667,0.72686,1.00,1.00
2017.01.25 21:16:52.351,0.72667,0.72688,1.00,1.12
2017.01.25 21:16:52.874,0.72667,0.72688,1.37,1.00
2017.01.25 21:16:53.411,0.72667,0.72688,1.00,1.12
2017.01.25 21:16:53.764,0.72667,0.72688,1.37,1.00
2017.01.25 21:16:53.959,0.72667,0.72688,1.00,1.12
2017.01.25 21:16:54.136,0.72667,0.72686,1.37,1.00
2017.01.25 21:16:54.855,0.72667,0.72686,1.00,1.00
2017.01.25 21:16:56.346,0.72667,0.72686,1.37,1.00
2017.01.25 21:16:58.661,0.72668,0.72688,1.37,1.00
2017.01.25 21:16:58.932,0.72665,0.72685,2.25,1.00
2017.01.25 21:16:59.738,0.72665,0.72685,1.50,1.00
2017.01.25 21:17:00.342,0.72667,0.72685,1.00,1.00
2017.01.25 21:17:00.504,0.72666,0.72685,1.37,1.00
2017.01.25 21:17:00.554,0.72666,0.72685,1.12,1.00
2017.01.25 21:17:00.831,0.72666,0.72685,1.87,1.00
2017.01.25 21:17:01.079,0.72666,0.72685,1.12,1.00
2017.01.25 21:17:01.332,0.72666,0.72685,1.87,1.00
2017.01.25 21:17:01.433,0.72666,0.72685,1.12,1.00
2017.01.25 21:17:01.637,0.72666,0.72685,2.25,1.00
2017.01.25 21:17:01.738,0.72666,0.72685,1.50,1.00
2017.01.25 21:17:02.973,0.72666,0.72685,1.87,1.00
2017.01.25 21:17:03.047,0.72666,0.72685,2.62,1.00
2017.01.25 21:17:03.148,0.72666,0.72685,2.25,1.00
2017.01.25 21:17:03.290,0.72666,0.72685,1.87,1.00
2017.01.25 21:17:03.437,0.72667,0.72685,1.37,1.00
2017.01.25 21:17:04.138,0.72666,0.72685,1.12,1.00
2017.01.25 21:17:04.348,0.72666,0.72685,1.37,1.00
2017.01.25 21:17:04.948,0.72666,0.72685,1.50,1.00
2017.01.25 21:17:05.608,0.72666,0.72685,2.25,1.00
2017.01.25 21:17:05.741,0.72666,0.72685,1.12,1.00
2017.01.25 21:17:05.842,0.72666,0.72685,1.87,1.00
2017.01.25 21:17:06.044,0.72665,0.72685,3.00,1.00
2017.01.25 21:17:07.369,0.72665,0.72685,3.00,1.00
2017.01.25 21:17:07.470,0.72665,0.72685,3.00,1.00
2017.01.25 21:17:08.018,0.72667,0.72685,1.00,1.00
2017.01.25 21:17:08.069,0.72667,0.72685,1.37,1.00
2017.01.25 21:17:08.298,0.72667,0.72685,1.00,1.00
2017.01.25 21:17:08.476,0.72667,0.72685,1.37,1.00
2017.01.25 21:17:08.648,0.72667,0.72685,1.00,1.00
2017.01.25 21:17:09.388,0.72667,0.72685,1.37,1.00
2017.01.25 21:17:10.011,0.72667,0.72685,1.00,1.00
2017.01.25 21:17:10.252,0.72667,0.72685,1.37,1.00
2017.01.25 21:17:10.460,0.72667,0.72685,1.00,1.00
2017.01.25 21:17:11.008,0.72667,0.72685,1.37,1.00
2017.01.25 21:17:11.547,0.72667,0.72685,1.00,1.00
2017.01.25 21:17:11.676,0.72667,0.72685,1.37,1.00
2017.01.25 21:17:12.075,0.72667,0.72685,1.00,1.00
2017.01.25 21:17:12.887,0.72667,0.72685,1.37,1.00
2017.01.25 21:17:13.472,0.72667,0.72685,1.12,1.00
2017.01.25 21:17:14.876,0.72667,0.72686,1.12,1.00
2017.01.25 21:17:17.483,0.72666,0.72686,1.37,1.00
2017.01.25 21:17:17.678,0.72666,0.72685,1.00,1.00
2017.01.25 21:17:17.779,0.72667,0.72685,1.37,1.00
2017.01.25 21:17:18.903,0.72666,0.72685,1.37,1.00
2017.01.25 21:17:19.413,0.72665,0.72685,2.25,1.00
2017.01.25 21:17:22.956,0.72666,0.72686,1.50,1.00
2017.01.25 21:17:23.475,0.72666,0.72686,2.25,1.00
2017.01.25 21:17:28.895,0.72666,0.72685,2.25,1.00
2017.01.25 21:17:34.253,0.72666,0.72686,1.87,1.00
2017.01.25 21:17:34.600,0.72663,0.72685,1.37,1.00
2017.01.25 21:17:34.712,0.72663,0.72685,1.12,1.37
2017.01.25 21:17:35.257,0.72663,0.72685,1.37,1.00
2017.01.25 21:17:35.830,0.72664,0.72686,1.12,1.50
2017.01.25 21:17:36.347,0.72664,0.72685,1.12,1.00
2017.01.25 21:17:39.039,0.72665,0.72686,1.00,1.00
2017.01.25 21:17:39.547,0.72665,0.72686,1.37,1.00
2017.01.25 21:17:40.535,0.72666,0.72686,1.87,1.00
2017.01.25 21:17:41.232,0.72666,0.72686,1.00,1.00
2017.01.25 21:17:43.127,0.72667,0.72686,1.00,1.00
2017.01.25 21:17:45.131,0.72665,0.72686,1.50,1.00
2017.01.25 21:17:46.148,0.72665,0.72686,2.62,1.00
2017.01.25 21:17:46.838,0.72665,0.72685,2.62,1.00
2017.01.25 21:17:47.437,0.72665,0.7268,1.37,1.00
2017.01.25 21:17:47.539,0.72663,0.72681,1.37,1.00
2017.01.25 21:17:48.159,0.7266,0.72681,1.87,1.00
2017.01.25 21:17:48.940,0.7266,0.7268,1.87,1.00
2017.01.25 21:17:49.860,0.7266,0.72681,1.37,1.00
2017.01.25 21:17:50.062,0.7266,0.72682,1.87,1.12
2017.01.25 21:17:50.121,0.7266,0.72682,1.87,1.00
2017.01.25 21:17:50.912,0.7266,0.72683,2.25,1.00
2017.01.25 21:17:53.737,0.7266,0.72683,1.12,1.37
2017.01.25 21:18:10.467,0.72659,0.72682,1.00,1.37
2017.01.25 21:18:13.691,0.72659,0.72682,1.37,1.00
2017.01.25 21:18:15.191,0.72659,0.72681,1.37,1.00
2017.01.25 21:18:23.122,0.72659,0.7268,1.37,1.00
2017.01.25 21:18:29.409,0.72663,0.72683,1.00,1.12
2017.01.25 21:18:29.460,0.72661,0.72683,2.25,1.12
2017.01.25 21:18:29.510,0.72662,0.72684,1.37,1.00
2017.01.25 21:18:30.394,0.72661,0.72685,1.75,1.12
2017.01.25 21:18:37.030,0.7266,0.72684,1.37,1.00
2017.01.25 21:18:37.121,0.72659,0.72683,1.87,1.12
2017.01.25 21:18:37.222,0.72659,0.72683,1.37,1.50
2017.01.25 21:18:37.755,0.7266,0.72681,1.12,1.00
2017.01.25 21:18:38.655,0.72661,0.72681,1.00,1.00
2017.01.25 21:18:39.431,0.72661,0.72682,1.00,1.12
2017.01.25 21:18:39.907,0.72661,0.72682,1.37,1.00
2017.01.25 21:18:48.132,0.72661,0.72681,1.37,1.00
2017.01.25 21:18:48.385,0.72662,0.72684,1.37,1.37
2017.01.25 21:18:54.035,0.72668,0.72688,1.00,1.37
2017.01.25 21:18:54.137,0.72669,0.72689,1.00,1.37
2017.01.25 21:18:54.238,0.72669,0.72689,1.00,1.12
2017.01.25 21:19:01.235,0.72669,0.72686,1.00,1.00
2017.01.25 21:19:04.314,0.72669,0.72685,1.00,1.00
2017.01.25 21:19:09.375,0.72666,0.72685,1.87,1.00
2017.01.25 21:19:09.426,0.72664,0.7268,1.37,1.00
2017.01.25 21:19:09.476,0.72662,0.7268,1.87,1.00
2017.01.25 21:19:09.577,0.72661,0.7268,1.37,1.00
2017.01.25 21:19:11.555,0.7266,0.72681,1.87,1.00
2017.01.25 21:19:13.187,0.7266,0.7268,1.37,1.00
2017.01.25 21:19:15.362,0.7266,0.72681,1.37,1.50
2017.01.25 21:19:15.784,0.72659,0.7268,1.37,1.00
2017.01.25 21:19:30.340,0.72658,0.72681,1.37,1.87
2017.01.25 21:19:38.307,0.72658,0.72679,1.87,1.00
2017.01.25 21:19:40.761,0.72658,0.7268,1.87,1.00
2017.01.25 21:19:44.211,0.72658,0.72676,1.37,1.00
2017.01.25 21:19:44.262,0.72658,0.7268,1.37,1.00
2017.01.25 21:19:44.313,0.72658,0.7268,1.12,1.37
2017.01.25 21:19:58.640,0.72658,0.72676,1.12,1.00
2017.01.25 21:19:58.754,0.72658,0.72679,1.00,1.37
2017.01.25 21:19:59.307,0.72658,0.72679,1.00,1.00
2017.01.25 21:20:01.613,0.72657,0.72678,1.12,1.00
2017.01.25 21:20:01.687,0.72651,0.72672,1.37,1.00
2017.01.25 21:20:01.774,0.72651,0.72672,1.00,1.12
2017.01.25 21:20:01.873,0.72654,0.72673,1.00,1.12
2017.01.25 21:20:02.738,0.7265,0.7267,1.50,1.00
2017.01.25 21:20:02.839,0.72648,0.72669,1.37,1.00
2017.01.25 21:20:03.093,0.72651,0.72671,1.00,1.00
2017.01.25 21:20:03.345,0.72652,0.72673,1.12,1.00
2017.01.25 21:20:03.925,0.72651,0.72671,1.87,1.00
2017.01.25 21:20:04.430,0.72651,0.72671,1.00,1.00
2017.01.25 21:20:12.005,0.72651,0.7267,1.00,1.00
2017.01.25 21:20:12.538,0.72651,0.72671,1.00,1.00
2017.01.25 21:20:13.476,0.72652,0.72671,1.00,1.00
2017.01.25 21:20:13.965,0.72653,0.72674,1.87,1.00
2017.01.25 21:20:14.192,0.72656,0.72675,2.25,1.00
2017.01.25 21:20:14.545,0.72659,0.72676,1.00,1.00
2017.01.25 21:20:15.327,0.72659,0.72676,1.37,1.00
2017.01.25 21:20:15.953,0.72659,0.72675,1.37,1.00
2017.01.25 21:20:17.214,0.7266,0.72676,1.12,1.00
2017.01.25 21:20:17.355,0.72662,0.72681,1.37,1.00
2017.01.25 21:20:19.161,0.72661,0.72675,1.12,1.00
2017.01.25 21:20:19.530,0.7266,0.72681,1.37,1.50
2017.01.25 21:20:19.628,0.7266,0.72675,1.37,1.00
2017.01.25 21:20:22.518,0.72656,0.72676,2.62,1.00
2017.01.25 21:20:22.568,0.72656,0.72676,1.37,1.00
2017.01.25 21:20:22.669,0.72656,0.7267,1.37,1.00
2017.01.25 21:20:22.921,0.72656,0.72675,1.12,1.00
2017.01.25 21:20:22.972,0.72656,0.72675,1.37,1.00
2017.01.25 21:20:23.679,0.72656,0.72675,1.00,1.00
2017.01.25 21:20:24.193,0.72653,0.72675,1.37,1.00
2017.01.25 21:20:26.276,0.72654,0.72676,2.25,1.00
2017.01.25 21:20:26.377,0.72657,0.72676,1.37,1.00
2017.01.25 21:20:35.206,0.72657,0.72678,1.87,1.00
2017.01.25 21:20:39.075,0.72657,0.72677,1.37,1.00
2017.01.25 21:20:39.126,0.72656,0.72676,1.37,1.00
2017.01.25 21:20:39.227,0.72654,0.72676,1.87,1.00
2017.01.25 21:20:40.772,0.72654,0.72671,2.25,1.00
2017.01.25 21:20:40.948,0.72654,0.72676,2.25,1.00
2017.01.25 21:20:51.586,0.72654,0.72671,1.37,1.00
2017.01.25 21:20:51.727,0.72652,0.7267,1.37,1.00
2017.01.25 21:20:52.241,0.72652,0.72671,1.37,1.00
2017.01.25 21:20:55.106,0.72652,0.7267,1.37,1.00
2017.01.25 21:20:55.705,0.72652,0.7267,1.12,1.00
2017.01.25 21:21:10.725,0.72649,0.7267,1.37,1.00
2017.01.25 21:21:12.136,0.72649,0.72666,1.37,1.00
2017.01.25 21:21:16.834,0.7265,0.72671,1.50,1.12
2017.01.25 21:21:16.935,0.7265,0.7267,1.50,1.00
2017.01.25 21:21:17.598,0.72652,0.7267,1.87,1.00
2017.01.25 21:21:21.647,0.72651,0.7267,1.87,1.00
2017.01.25 21:21:39.622,0.72651,0.72674,1.37,1.00
2017.01.25 21:21:43.468,0.72651,0.72674,1.87,1.00
2017.01.25 21:21:59.211,0.72653,0.72673,1.12,1.00
2017.01.25 21:22:17.634,0.7265,0.72671,1.37,1.00
2017.01.25 21:22:17.748,0.72647,0.72669,1.37,1.00
2017.01.25 21:22:17.800,0.72646,0.72667,1.37,1.00
2017.01.25 21:22:17.851,0.72646,0.72667,1.00,1.50
2017.01.25 21:22:17.952,0.72643,0.72665,1.00,1.12
2017.01.25 21:22:18.591,0.72644,0.72666,1.00,1.37
2017.01.25 21:22:22.991,0.72645,0.72667,1.00,1.87
2017.01.25 21:22:26.145,0.72642,0.72665,1.12,1.87
2017.01.25 21:22:26.360,0.72645,0.72665,1.00,1.12
2017.01.25 21:22:28.390,0.72645,0.7266,1.00,1.00
2017.01.25 21:22:28.914,0.72645,0.72665,1.00,1.12
2017.01.25 21:22:32.753,0.72644,0.72665,1.12,1.00
2017.01.25 21:22:33.061,0.72644,0.72661,1.12,1.00
2017.01.25 21:22:35.435,0.72644,0.72665,1.12,1.00
2017.01.25 21:22:36.661,0.72644,0.72664,1.12,1.00
2017.01.25 21:22:38.665,0.72644,0.72665,1.12,1.50
2017.01.25 21:22:47.072,0.72643,0.72665,1.37,1.50
2017.01.25 21:22:51.857,0.72643,0.72661,1.37,1.00
2017.01.25 21:23:03.493,0.72644,0.72661,1.37,1.00
2017.01.25 21:23:20.434,0.72644,0.72665,1.37,1.00
2017.01.25 21:23:21.801,0.72644,0.72661,1.37,1.00
2017.01.25 21:23:21.909,0.72644,0.72665,1.37,1.50
2017.01.25 21:23:25.668,0.72644,0.72666,1.87,1.50
2017.01.25 21:23:26.343,0.72644,0.72665,1.87,1.00
2017.01.25 21:23:27.690,0.72649,0.7267,1.00,1.87
2017.01.25 21:23:27.740,0.72652,0.72671,1.00,1.37
2017.01.25 21:23:27.912,0.72652,0.72671,1.87,1.00
2017.01.25 21:23:30.509,0.72652,0.7267,1.87,1.00
2017.01.25 21:23:38.167,0.72653,0.72671,1.37,1.00
2017.01.25 21:23:38.361,0.72651,0.7267,1.37,1.00
2017.01.25 21:23:42.309,0.72649,0.72671,1.37,1.50
2017.01.25 21:23:42.360,0.72648,0.72666,1.37,1.00
2017.01.25 21:23:42.511,0.72644,0.72665,1.97,1.00
2017.01.25 21:23:42.612,0.72644,0.72666,1.00,1.12
2017.01.25 21:23:43.206,0.72643,0.72665,1.12,1.00
2017.01.25 21:23:43.856,0.72642,0.72664,1.37,1.00
2017.01.25 21:23:43.907,0.72642,0.7266,1.37,1.00
2017.01.25 21:23:44.422,0.72642,0.72661,1.37,1.00
2017.01.25 21:23:45.509,0.72642,0.72664,1.37,1.50
2017.01.25 21:23:49.973,0.72641,0.7266,1.87,1.00
2017.01.25 21:23:52.414,0.72643,0.72662,1.00,1.00
2017.01.25 21:23:59.855,0.72643,0.72661,1.12,1.00
2017.01.25 21:24:00.898,0.72644,0.72661,1.00,1.00
2017.01.25 21:24:07.727,0.72644,0.7266,1.00,1.00
2017.01.25 21:24:08.240,0.72645,0.72661,1.00,1.00
2017.01.25 21:24:09.007,0.72645,0.72661,1.37,1.00
2017.01.25 21:24:11.990,0.72645,0.72663,1.37,1.50
2017.01.25 21:24:13.260,0.72645,0.72661,1.37,1.00
2017.01.25 21:24:15.923,0.72646,0.72664,1.12,1.50
2017.01.25 21:24:15.974,0.72646,0.72661,1.12,1.00
2017.01.25 21:24:16.025,0.72646,0.72663,1.12,1.00
2017.01.25 21:24:16.214,0.72646,0.72661,1.12,1.00
2017.01.25 21:24:16.858,0.72644,0.72663,1.87,1.00
2017.01.25 21:24:17.404,0.72644,0.72664,1.87,1.50
2017.01.25 21:24:20.155,0.72644,0.72663,1.87,1.00
2017.01.25 21:24:24.345,0.72644,0.72664,1.87,1.00
2017.01.25 21:24:27.634,0.72644,0.72663,1.37,1.00
2017.01.25 21:24:27.786,0.72642,0.72663,1.00,1.50
2017.01.25 21:24:28.636,0.72642,0.72662,1.00,1.00
2017.01.25 21:24:29.244,0.72641,0.72661,1.12,1.00
2017.01.25 21:24:42.258,0.72643,0.72661,1.00,1.50
2017.01.25 21:25:05.899,0.72642,0.72661,1.12,1.00
2017.01.25 21:25:09.310,0.7264,0.72655,1.87,1.00
2017.01.25 21:25:09.523,0.72637,0.72656,1.12,1.00
2017.01.25 21:25:10.310,0.72636,0.72656,1.00,1.50
2017.01.25 21:25:16.511,0.72638,0.72656,1.00,1.00
2017.01.25 21:25:17.649,0.72636,0.72656,1.00,1.00
2017.01.25 21:25:31.077,0.72637,0.72656,1.00,1.00
2017.01.25 21:26:03.575,0.72638,0.72656,1.00,1.00
2017.01.25 21:26:04.147,0.72635,0.72656,1.87,1.00
2017.01.25 21:26:06.026,0.72635,0.72655,1.87,1.00
2017.01.25 21:26:11.233,0.72634,0.72655,1.37,1.00
2017.01.25 21:26:11.334,0.72634,0.72655,1.37,1.00
2017.01.25 21:26:11.886,0.72634,0.72656,1.37,1.00
2017.01.25 21:26:14.245,0.72633,0.72655,1.87,1.00
2017.01.25 21:26:16.254,0.72634,0.72656,1.37,1.00
2017.01.25 21:26:17.253,0.72633,0.72656,1.37,1.00
2017.01.25 21:26:18.337,0.72633,0.72651,1.37,1.00
2017.01.25 21:26:20.662,0.72635,0.72651,1.00,1.00
2017.01.25 21:26:21.051,0.72635,0.72651,1.37,1.00
2017.01.25 21:26:21.160,0.72635,0.72655,1.37,1.50
2017.01.25 21:26:23.562,0.72635,0.7265,1.37,1.00
2017.01.25 21:26:23.730,0.72634,0.7265,1.12,1.00
2017.01.25 21:26:27.502,0.72632,0.72651,1.87,1.00
2017.01.25 21:26:38.597,0.72632,0.7265,1.37,1.00
2017.01.25 21:26:39.148,0.72632,0.72651,1.87,1.00
2017.01.25 21:26:43.468,0.72633,0.72651,1.37,1.00
2017.01.25 21:26:46.472,0.72633,0.7265,1.37,1.00
2017.01.25 21:26:49.948,0.72633,0.72651,1.87,1.00
2017.01.25 21:26:58.803,0.72631,0.72651,1.50,1.00
2017.01.25 21:26:58.904,0.72631,0.72651,1.12,1.00
2017.01.25 21:27:00.334,0.72628,0.72645,1.37,1.00
2017.01.25 21:27:00.536,0.72625,0.72645,1.12,1.37
2017.01.25 21:27:01.052,0.72625,0.72645,1.87,1.12
2017.01.25 21:27:09.651,0.72628,0.72645,1.00,1.00
2017.01.25 21:27:10.161,0.72628,0.72645,1.37,1.00
2017.01.25 21:27:14.613,0.72629,0.72648,1.12,1.00
2017.01.25 21:27:20.009,0.7263,0.72649,1.00,1.00
2017.01.25 21:27:20.727,0.72631,0.72649,1.12,1.00
2017.01.25 21:27:24.238,0.72631,0.7265,1.12,1.00
2017.01.25 21:27:24.437,0.72634,0.7265,1.00,1.00
2017.01.25 21:27:24.739,0.72635,0.7265,1.50,1.00
2017.01.25 21:27:24.912,0.72635,0.72655,1.50,1.87
2017.01.25 21:27:32.885,0.72635,0.72653,1.37,1.00
2017.01.25 21:27:33.092,0.72632,0.72651,1.87,1.00
2017.01.25 21:27:33.143,0.72632,0.72653,1.87,1.00
2017.01.25 21:27:36.813,0.72633,0.72654,1.12,1.00
2017.01.25 21:27:37.066,0.72633,0.72654,1.87,1.00
2017.01.25 21:27:41.422,0.72634,0.72655,1.37,1.00
2017.01.25 21:27:42.179,0.72633,0.72654,1.87,1.00
2017.01.25 21:27:52.877,0.72634,0.72654,1.12,1.00
2017.01.25 21:27:55.072,0.72632,0.72651,1.50,1.00
2017.01.25 21:27:55.325,0.72629,0.72651,1.37,1.50
2017.01.25 21:27:56.054,0.72629,0.7265,1.50,1.00
2017.01.25 21:27:56.897,0.72629,0.72651,1.50,1.50
2017.01.25 21:27:57.290,0.72631,0.72652,1.87,1.00
2017.01.25 21:27:58.073,0.72633,0.72653,1.37,1.00
2017.01.25 21:28:05.191,0.72633,0.72655,1.37,1.87
2017.01.25 21:28:07.331,0.72632,0.72654,1.37,1.00
2017.01.25 21:28:07.382,0.72631,0.72645,1.37,1.00
2017.01.25 21:28:07.635,0.72618,0.72639,1.87,1.00
2017.01.25 21:28:08.088,0.7262,0.72641,1.12,1.12
2017.01.25 21:28:08.340,0.72622,0.7264,1.00,1.00
2017.01.25 21:28:09.381,0.72622,0.72641,1.00,1.12
2017.01.25 21:28:15.862,0.72622,0.7264,1.00,1.00
2017.01.25 21:28:17.124,0.72621,0.7264,1.00,1.00
2017.01.25 21:28:19.166,0.72621,0.72642,1.00,1.37
2017.01.25 21:28:19.469,0.72621,0.72639,1.37,1.00
2017.01.25 21:28:19.600,0.72621,0.72642,1.37,1.50
2017.01.25 21:28:27.629,0.72621,0.72641,1.37,1.00
2017.01.25 21:28:29.129,0.7262,0.7264,1.37,1.00
2017.01.25 21:28:29.180,0.7262,0.72637,1.75,1.00
2017.01.25 21:28:29.281,0.7262,0.7264,1.12,1.12
2017.01.25 21:28:29.639,0.72621,0.7264,1.50,1.00
2017.01.25 21:28:30.180,0.72621,0.72641,1.50,1.00
2017.01.25 21:28:31.229,0.72621,0.7264,1.37,1.00
2017.01.25 21:28:37.384,0.72621,0.72641,1.37,1.00
2017.01.25 21:28:40.124,0.72621,0.72642,1.75,1.50
2017.01.25 21:28:44.661,0.7262,0.72642,1.50,1.00
2017.01.25 21:28:45.328,0.7262,0.72641,1.50,1.00
2017.01.25 21:28:48.407,0.7262,0.72639,1.37,1.00
2017.01.25 21:28:48.542,0.7262,0.72642,1.37,1.87
2017.01.25 21:28:49.152,0.72622,0.72642,2.25,1.00
2017.01.25 21:28:49.253,0.72622,0.72646,3.75,1.87
2017.01.25 21:28:49.404,0.72624,0.72647,1.75,1.50
2017.01.25 21:28:49.874,0.72624,0.72645,1.75,1.00
2017.01.25 21:28:52.612,0.72625,0.72646,1.37,1.00
2017.01.25 21:28:54.635,0.72626,0.72648,1.00,2.25
2017.01.25 21:28:54.937,0.7263,0.72651,2.62,1.12
2017.01.25 21:29:02.444,0.7263,0.72652,1.75,1.00
2017.01.25 21:29:02.950,0.7263,0.72653,2.25,1.50
2017.01.25 21:29:09.635,0.7263,0.72651,2.25,1.00
2017.01.25 21:29:16.163,0.72632,0.7265,1.00,1.00
2017.01.25 21:29:16.488,0.72632,0.72651,1.50,1.00
2017.01.25 21:29:17.096,0.72632,0.7265,1.50,1.00
2017.01.25 21:29:17.745,0.72632,0.72651,1.75,1.00
2017.01.25 21:29:18.835,0.72632,0.7265,1.75,1.00
2017.01.25 21:29:19.154,0.72632,0.7265,1.00,1.00
2017.01.25 21:29:21.241,0.72633,0.7265,1.00,1.00
2017.01.25 21:29:21.443,0.72634,0.7265,2.25,1.00
2017.01.25 21:29:21.982,0.72637,0.7265,1.37,1.00
2017.01.25 21:29:22.443,0.72637,0.72656,1.37,1.00
2017.01.25 21:29:23.014,0.72637,0.72655,1.37,1.00
2017.01.25 21:29:23.565,0.72637,0.72656,1.37,1.00
2017.01.25 21:29:29.463,0.72638,0.72655,1.00,1.00
2017.01.25 21:29:30.118,0.72638,0.72656,1.00,1.00
2017.01.25 21:29:31.209,0.72637,0.72656,3.75,1.00
2017.01.25 21:29:31.766,0.72638,0.72656,1.75,1.00
2017.01.25 21:29:32.313,0.72638,0.72655,1.75,1.00
2017.01.25 21:29:32.595,0.7264,0.72656,1.75,1.00
2017.01.25 21:29:33.375,0.72642,0.72656,1.50,1.00
2017.01.25 21:29:41.062,0.72642,0.72661,1.50,1.00
2017.01.25 21:29:42.060,0.72642,0.72655,1.50,1.00
2017.01.25 21:29:42.489,0.72642,0.72661,1.75,1.00
2017.01.25 21:29:50.799,0.72643,0.72661,3.75,1.00
2017.01.25 21:29:51.334,0.72644,0.7266,1.50,1.00
2017.01.25 21:29:51.393,0.72644,0.7266,3.00,1.00
2017.01.25 21:29:54.947,0.72646,0.72666,1.00,1.00
2017.01.25 21:29:54.998,0.72646,0.72666,2.25,1.50
2017.01.25 21:29:56.272,0.72649,0.72666,1.87,1.00
2017.01.25 21:29:56.734,0.7265,0.72666,3.75,1.00
2017.01.25 21:30:00.198,0.7265,0.72666,2.62,1.00
2017.01.25 21:30:00.559,0.7265,0.72671,2.62,1.00
2017.01.25 21:30:01.101,0.7265,0.72671,1.37,1.00
2017.01.25 21:30:01.675,0.7265,0.72674,1.37,1.87
2017.01.25 21:30:02.641,0.72649,0.72673,3.00,1.00
2017.01.25 21:30:06.041,0.72652,0.72674,1.87,1.50
2017.01.25 21:30:06.243,0.72648,0.72669,1.00,1.00
2017.01.25 21:30:06.805,0.72647,0.72669,1.12,1.00
2017.01.25 21:30:07.454,0.72646,0.72668,1.12,1.00
2017.01.25 21:30:09.380,0.72647,0.72669,1.00,1.00
2017.01.25 21:30:09.954,0.72647,0.72671,1.12,1.50
2017.01.25 21:30:10.465,0.72648,0.72672,1.12,1.00
2017.01.25 21:30:10.566,0.7265,0.72672,1.00,1.00
2017.01.25 21:30:15.121,0.7265,0.72674,1.12,1.50
2017.01.25 21:30:16.630,0.72649,0.72673,1.37,1.00
2017.01.25 21:30:17.686,0.72649,0.7267,1.37,1.00
2017.01.25 21:30:17.737,0.72648,0.72673,1.00,1.00
2017.01.25 21:30:17.788,0.72648,0.72674,2.62,1.00
2017.01.25 21:30:18.345,0.7265,0.72674,2.62,1.00
2017.01.25 21:30:18.983,0.72651,0.72675,1.37,1.00
2017.01.25 21:30:19.086,0.72649,0.72673,1.00,1.00
2017.01.25 21:30:19.251,0.72648,0.72671,1.00,1.00
2017.01.25 21:30:19.559,0.7265,0.72671,1.00,1.00
2017.01.25 21:30:20.380,0.7265,0.72672,1.00,1.00
2017.01.25 21:30:20.578,0.72648,0.72672,1.12,1.00
2017.01.25 21:30:24.656,0.72649,0.7267,1.00,1.00
2017.01.25 21:30:25.911,0.72647,0.72671,1.37,1.00
2017.01.25 21:30:28.622,0.72649,0.72671,1.00,1.50
2017.01.25 21:30:36.588,0.72649,0.7267,1.00,1.00
2017.01.25 21:30:38.583,0.72649,0.72671,1.00,1.50
2017.01.25 21:30:40.847,0.72648,0.7267,1.00,1.50
2017.01.25 21:30:50.245,0.72648,0.7267,1.37,1.00
2017.01.25 21:30:51.060,0.72648,0.7267,2.62,1.50
2017.01.25 21:30:58.492,0.72646,0.7267,2.62,1.00
2017.01.25 21:31:15.607,0.72647,0.72665,1.37,1.00
2017.01.25 21:31:16.750,0.72649,0.72665,1.00,1.00
2017.01.25 21:31:19.018,0.72649,0.72669,1.00,1.00
2017.01.25 21:31:22.492,0.72649,0.72669,1.37,1.00
2017.01.25 21:31:25.012,0.72648,0.7267,1.87,1.00
2017.01.25 21:31:25.579,0.72648,0.72671,1.87,2.25
2017.01.25 21:31:26.165,0.72648,0.7267,1.87,1.00
2017.01.25 21:31:26.770,0.72647,0.7267,1.37,1.00
2017.01.25 21:31:28.046,0.72647,0.72669,1.37,1.00
2017.01.25 21:31:31.387,0.72647,0.7267,1.37,1.00
2017.01.25 21:31:31.438,0.72647,0.72665,1.37,1.00
2017.01.25 21:31:31.539,0.72646,0.7267,3.00,2.25
2017.01.25 21:31:32.082,0.72649,0.72669,1.00,1.00
2017.01.25 21:31:33.738,0.72648,0.7267,1.12,1.50
2017.01.25 21:31:34.151,0.72648,0.72666,1.00,1.00
2017.01.25 21:31:43.085,0.72648,0.72665,1.00,1.00
2017.01.25 21:31:44.109,0.72648,0.72669,1.00,1.00
2017.01.25 21:31:48.423,0.72647,0.72669,1.37,1.00
2017.01.25 21:31:54.369,0.72648,0.72669,1.12,1.00
2017.01.25 21:31:55.155,0.72648,0.7267,1.12,1.50
2017.01.25 21:31:55.765,0.72649,0.7267,1.00,1.50
2017.01.25 21:31:59.108,0.72649,0.72668,1.00,1.00
2017.01.25 21:31:59.725,0.72649,0.72666,1.00,1.00
2017.01.25 21:32:04.358,0.72649,0.72668,1.37,1.50
2017.01.25 21:32:04.409,0.72649,0.7267,1.37,1.50
2017.01.25 21:32:11.659,0.72651,0.7267,1.37,1.50
2017.01.25 21:32:14.687,0.72651,0.7267,1.12,2.25
2017.01.25 21:32:32.238,0.72651,0.72669,1.00,1.00
2017.01.25 21:32:53.661,0.72651,0.72666,1.00,1.00
2017.01.25 21:32:54.897,0.72649,0.72666,1.50,1.00
2017.01.25 21:32:55.179,0.72649,0.7267,1.50,1.50
2017.01.25 21:32:58.219,0.72651,0.7267,1.00,1.50
2017.01.25 21:33:09.997,0.72649,0.7267,1.12,1.50
2017.01.25 21:33:15.956,0.7265,0.7267,1.00,1.00
2017.01.25 21:33:23.246,0.72649,0.7267,1.37,1.00
2017.01.25 21:33:25.959,0.72649,0.72669,1.37,1.00
2017.01.25 21:33:29.877,0.72649,0.72669,1.00,1.00
2017.01.25 21:33:38.318,0.7265,0.72669,1.00,1.00
2017.01.25 21:33:38.372,0.72648,0.7267,1.12,1.00
2017.01.25 21:33:38.423,0.72648,0.72665,1.12,1.00
2017.01.25 21:33:38.523,0.72648,0.7267,1.00,1.00
2017.01.25 21:33:47.049,0.72648,0.72671,1.12,1.50
2017.01.25 21:33:55.811,0.7265,0.72671,1.00,1.50
2017.01.25 21:33:58.035,0.7265,0.72671,1.37,1.50
2017.01.25 21:34:00.342,0.72649,0.7267,1.37,1.00
2017.01.25 21:34:03.919,0.72648,0.72671,1.37,1.00
2017.01.25 21:34:04.021,0.72648,0.72671,1.37,1.00
2017.01.25 21:34:05.390,0.72652,0.72671,1.12,1.00
2017.01.25 21:34:05.642,0.7267,0.72691,1.00,1.87
2017.01.25 21:34:06.218,0.7267,0.72691,1.00,1.50
2017.01.25 21:34:09.111,0.72668,0.72691,1.87,1.50
2017.01.25 21:34:10.046,0.72668,0.7269,1.87,1.00
2017.01.25 21:34:10.551,0.72668,0.7269,1.87,1.00
2017.01.25 21:34:12.306,0.72668,0.7269,2.25,1.00
2017.01.25 21:34:13.241,0.72668,0.7269,2.25,1.00
2017.01.25 21:34:16.216,0.72668,0.7269,1.50,1.00
2017.01.25 21:34:17.350,0.72668,0.72686,1.50,1.00
2017.01.25 21:34:18.258,0.72666,0.72686,1.00,1.00
2017.01.25 21:34:19.125,0.72667,0.72685,1.00,1.00
2017.01.25 21:34:19.277,0.72665,0.72686,1.00,1.00
2017.01.25 21:34:19.794,0.72665,0.72685,1.00,1.00
2017.01.25 21:34:20.515,0.72664,0.72686,1.50,1.50
2017.01.25 21:34:27.915,0.72664,0.72681,1.50,1.00
2017.01.25 21:34:28.296,0.72666,0.72681,1.00,1.00
2017.01.25 21:34:28.859,0.72665,0.72681,1.00,1.00
2017.01.25 21:34:31.224,0.72667,0.72681,1.00,1.00
2017.01.25 21:34:31.365,0.72667,0.72685,1.00,1.00
2017.01.25 21:34:32.058,0.72667,0.72684,1.00,1.00
2017.01.25 21:34:36.905,0.72667,0.72685,1.00,1.00
2017.01.25 21:34:38.102,0.72667,0.72684,1.00,1.00
2017.01.25 21:34:40.893,0.72667,0.72681,1.00,1.00
2017.01.25 21:34:45.106,0.72667,0.72684,1.00,1.00
2017.01.25 21:34:45.157,0.72667,0.72686,1.00,1.50
2017.01.25 21:34:45.208,0.72674,0.72685,1.00,1.00
2017.01.25 21:34:45.259,0.72674,0.7269,1.00,1.00
2017.01.25 21:34:45.360,0.72676,0.7269,1.00,1.00
2017.01.25 21:34:45.461,0.72674,0.7269,1.50,1.00
2017.01.25 21:34:46.323,0.72674,0.72691,1.50,1.50
2017.01.25 21:34:48.752,0.72671,0.72691,1.00,1.50
2017.01.25 21:34:48.803,0.7267,0.72688,1.00,1.00
2017.01.25 21:34:49.124,0.72669,0.72685,1.00,1.00
2017.01.25 21:34:49.325,0.72666,0.72685,1.87,1.50
2017.01.25 21:34:50.006,0.72666,0.72685,1.87,1.50
2017.01.25 21:34:57.582,0.72666,0.72681,1.12,1.00
2017.01.25 21:34:57.632,0.72666,0.72685,1.12,1.00
2017.01.25 21:34:57.683,0.72668,0.72685,1.00,1.00
2017.01.25 21:34:57.734,0.72665,0.72685,1.87,1.00
2017.01.25 21:34:58.542,0.72665,0.72684,1.37,1.00
2017.01.25 21:34:59.333,0.72665,0.72684,1.12,1.00
2017.01.25 21:35:00.132,0.72667,0.72684,1.00,1.00
2017.01.25 21:35:00.435,0.72661,0.72682,1.50,1.00
2017.01.25 21:35:01.039,0.72661,0.72681,1.50,1.00
2017.01.25 21:35:02.199,0.7266,0.72682,2.62,1.00
2017.01.25 21:35:02.310,0.7266,0.72681,2.25,1.00
2017.01.25 21:35:02.825,0.7266,0.72681,2.25,1.00
2017.01.25 21:35:05.459,0.7266,0.72682,2.25,1.00
2017.01.25 21:35:08.267,0.7266,0.7268,2.25,1.00
2017.01.25 21:35:08.810,0.7266,0.7268,2.25,1.00
2017.01.25 21:35:11.311,0.7266,0.7268,3.75,1.00
2017.01.25 21:35:15.022,0.72662,0.7268,1.00,1.00
2017.01.25 21:35:18.080,0.7266,0.7268,1.00,1.50
2017.01.25 21:35:19.045,0.7266,0.72675,1.00,1.00
2017.01.25 21:35:19.215,0.7266,0.7268,1.00,1.00
2017.01.25 21:35:23.945,0.7266,0.72679,1.00,1.00
2017.01.25 21:35:23.996,0.72662,0.72681,1.00,1.50
2017.01.25 21:35:24.163,0.72657,0.72677,1.12,1.00
2017.01.25 21:35:24.992,0.72657,0.72675,1.12,1.00
2017.01.25 21:35:28.431,0.72654,0.72675,1.50,1.00
2017.01.25 21:35:28.482,0.72654,0.72673,1.12,1.00
2017.01.25 21:35:29.439,0.72652,0.72672,1.87,1.00
2017.01.25 21:35:29.974,0.72652,0.72672,2.25,1.00
2017.01.25 21:35:32.258,0.72652,0.72673,2.25,1.00
2017.01.25 21:35:32.756,0.72652,0.72671,2.25,1.00
2017.01.25 21:35:33.138,0.72655,0.72671,1.37,1.00
2017.01.25 21:35:33.290,0.72656,0.72675,1.12,1.00
2017.01.25 21:35:33.391,0.72657,0.72676,1.37,1.00
2017.01.25 21:35:33.573,0.72657,0.72679,1.00,1.00
2017.01.25 21:35:33.624,0.72657,0.72676,1.00,1.00
2017.01.25 21:35:34.150,0.72657,0.72675,1.00,1.00
2017.01.25 21:35:36.277,0.72657,0.72676,1.00,1.50
2017.01.25 21:35:37.310,0.72657,0.72675,1.00,1.00
2017.01.25 21:35:48.890,0.72656,0.72675,1.00,1.50
2017.01.25 21:35:49.226,0.72648,0.72665,1.12,1.00
2017.01.25 21:35:49.904,0.72646,0.72665,1.00,1.00
2017.01.25 21:35:53.095,0.72646,0.72666,1.00,1.50
2017.01.25 21:35:53.635,0.72645,0.72666,1.00,1.50
2017.01.25 21:35:55.876,0.72647,0.72666,1.12,1.00
2017.01.25 21:35:56.267,0.72649,0.72666,1.00,1.00
2017.01.25 21:36:00.110,0.72649,0.72668,1.00,1.00
2017.01.25 21:36:02.319,0.72649,0.72669,1.00,1.00
2017.01.25 21:36:06.585,0.7265,0.7267,1.00,1.50
2017.01.25 21:36:07.124,0.72651,0.72671,1.12,1.00
2017.01.25 21:36:10.165,0.72645,0.72665,1.37,1.00
2017.01.25 21:36:10.468,0.72643,0.72662,1.00,1.00
2017.01.25 21:36:17.966,0.72645,0.72663,1.00,1.00
2017.01.25 21:36:18.016,0.72645,0.72665,1.00,1.00
2017.01.25 21:36:18.792,0.72644,0.72665,1.00,1.50
2017.01.25 21:36:19.655,0.72644,0.72666,1.00,1.00
2017.01.25 21:36:20.066,0.72646,0.72666,1.00,1.00
2017.01.25 21:36:25.072,0.72646,0.72665,1.00,1.00
2017.01.25 21:36:26.980,0.72646,0.72666,1.00,1.00
2017.01.25 21:36:29.689,0.72647,0.72666,1.00,1.00
2017.01.25 21:36:30.005,0.72649,0.72665,1.00,1.00
2017.01.25 21:36:30.662,0.72647,0.72666,1.12,1.00
2017.01.25 21:36:32.211,0.72647,0.7267,1.00,1.00
2017.01.25 21:36:33.360,0.72648,0.7267,1.00,1.00
2017.01.25 21:36:38.384,0.72647,0.7267,1.00,1.50
2017.01.25 21:36:50.942,0.72648,0.7267,1.00,1.00
2017.01.25 21:36:51.493,0.72647,0.7267,1.00,1.00
2017.01.25 21:36:53.269,0.72649,0.72669,1.00,1.00
2017.01.25 21:36:55.246,0.72645,0.72668,1.37,1.00
2017.01.25 21:36:55.296,0.72649,0.72668,1.00,1.00
2017.01.25 21:36:55.498,0.72648,0.72671,1.00,1.50
2017.01.25 21:36:59.686,0.72646,0.7267,1.00,1.00
2017.01.25 21:37:00.279,0.72647,0.7267,1.00,1.00
2017.01.25 21:37:00.934,0.72646,0.72669,1.00,1.00
2017.01.25 21:37:07.662,0.72646,0.7267,1.00,1.00
2017.01.25 21:37:10.039,0.7265,0.72671,1.00,1.00
2017.01.25 21:37:10.089,0.7265,0.72673,1.00,1.00
2017.01.25 21:37:10.190,0.7265,0.72675,1.00,1.00
2017.01.25 21:37:10.291,0.72652,0.72675,1.00,1.00
2017.01.25 21:37:15.590,0.72649,0.72675,1.00,1.12
2017.01.25 21:37:16.062,0.72648,0.72673,1.00,1.00
2017.01.25 21:37:16.563,0.72647,0.72673,1.12,1.00
2017.01.25 21:37:17.245,0.72646,0.72671,1.00,1.00
2017.01.25 21:37:17.746,0.72647,0.7267,1.00,1.00
2017.01.25 21:37:18.094,0.72645,0.72671,1.00,1.50
2017.01.25 21:37:18.711,0.72645,0.7267,1.00,1.00
2017.01.25 21:37:19.343,0.72645,0.72666,1.00,1.00
2017.01.25 21:37:19.954,0.72645,0.72665,1.00,1.00
2017.01.25 21:37:20.614,0.72645,0.72666,1.00,1.00
2017.01.25 21:37:23.431,0.72644,0.72666,1.12,1.00
2017.01.25 21:37:24.456,0.72645,0.72666,1.12,1.00
2017.01.25 21:37:25.206,0.72646,0.72666,1.00,1.00
2017.01.25 21:37:25.707,0.72647,0.72666,1.00,1.00
2017.01.25 21:37:27.597,0.72648,0.72665,1.00,1.00
2017.01.25 21:37:29.580,0.72648,0.72666,1.00,1.00
2017.01.25 21:37:29.631,0.7265,0.72671,1.00,1.00
2017.01.25 21:37:29.833,0.7265,0.72675,1.12,1.00
2017.01.25 21:37:30.899,0.72651,0.72675,1.00,1.00
2017.01.25 21:37:31.182,0.72651,0.72671,1.12,1.00
2017.01.25 21:37:31.797,0.72652,0.7267,1.00,1.00
2017.01.25 21:37:35.323,0.7265,0.7267,1.00,1.00
2017.01.25 21:37:36.054,0.72649,0.72675,1.37,1.50
2017.01.25 21:37:36.105,0.72649,0.72671,1.00,1.00
2017.01.25 21:37:37.133,0.72648,0.72671,1.00,1.00
2017.01.25 21:37:37.665,0.72647,0.7267,1.00,1.00
2017.01.25 21:37:38.224,0.72646,0.72669,1.00,1.00
2017.01.25 21:37:38.615,0.72648,0.72669,1.00,1.00
2017.01.25 21:37:46.733,0.72648,0.72666,1.00,1.00
2017.01.25 21:37:51.641,0.72647,0.72666,1.00,1.00
2017.01.25 21:37:51.692,0.72645,0.72669,1.00,1.00
2017.01.25 21:37:51.848,0.72645,0.72665,1.00,1.00
2017.01.25 21:37:52.686,0.72644,0.72665,1.00,1.00
2017.01.25 21:37:54.487,0.72644,0.72667,1.00,1.00
2017.01.25 21:37:55.427,0.72643,0.72666,1.00,1.00
2017.01.25 21:37:56.639,0.72644,0.72665,1.00,1.00
2017.01.25 21:37:58.916,0.72644,0.72661,1.00,1.00
2017.01.25 21:37:59.493,0.72644,0.7266,1.00,1.00
2017.01.25 21:38:00.554,0.72642,0.7266,1.12,1.00
2017.01.25 21:38:01.203,0.72642,0.72661,1.12,1.00
2017.01.25 21:38:03.748,0.72642,0.72661,1.37,1.00
2017.01.25 21:38:04.294,0.72642,0.72661,1.12,1.00
2017.01.25 21:38:06.645,0.72641,0.72661,1.00,1.00
2017.01.25 21:38:07.150,0.72642,0.72661,1.00,1.00
2017.01.25 21:38:11.123,0.72641,0.72661,1.12,1.00
2017.01.25 21:38:11.632,0.72642,0.72661,1.12,1.00
2017.01.25 21:38:12.812,0.72642,0.72665,1.12,1.50
2017.01.25 21:38:20.070,0.72641,0.72666,1.37,1.50
2017.01.25 21:38:20.432,0.72638,0.72664,1.37,1.00
2017.01.25 21:38:21.073,0.72638,0.72664,1.12,1.00
2017.01.25 21:38:21.748,0.72639,0.72664,1.00,1.00
2017.01.25 21:38:25.720,0.72641,0.72664,1.00,1.00
2017.01.25 21:38:26.023,0.72643,0.72665,1.00,1.00
2017.01.25 21:38:26.540,0.72643,0.72666,1.00,1.00
2017.01.25 21:38:27.150,0.72643,0.72665,1.00,1.00
2017.01.25 21:38:31.348,0.72642,0.72665,1.00,1.00
2017.01.25 21:38:32.084,0.72642,0.72661,1.00,1.00
2017.01.25 21:38:32.135,0.72642,0.72666,1.00,1.00
2017.01.25 21:38:37.362,0.72639,0.7266,1.00,1.00
2017.01.25 21:38:37.914,0.72639,0.72661,1.00,1.50
2017.01.25 21:38:39.465,0.72639,0.7266,1.00,1.00
2017.01.25 21:38:40.357,0.72638,0.72659,1.00,1.00
2017.01.25 21:38:40.670,0.72637,0.72655,1.00,1.00
2017.01.25 21:38:40.973,0.72642,0.72655,1.00,1.00
2017.01.25 21:38:41.918,0.72642,0.72656,1.00,1.00
2017.01.25 21:38:42.101,0.72642,0.72659,1.00,1.00
2017.01.25 21:38:42.252,0.72636,0.72659,1.00,1.00
2017.01.25 21:38:43.044,0.72636,0.72658,1.50,1.00
2017.01.25 21:38:43.706,0.72636,0.72657,1.00,1.00
2017.01.25 21:38:45.563,0.72636,0.72658,1.00,1.00
2017.01.25 21:38:46.074,0.72637,0.72659,1.00,1.00
2017.01.25 21:38:46.649,0.72636,0.72658,1.50,1.00
2017.01.25 21:39:02.678,0.72636,0.72657,1.00,1.00
2017.01.25 21:39:05.718,0.72636,0.72656,1.00,1.00
2017.01.25 21:39:06.292,0.72636,0.72655,1.00,1.00
2017.01.25 21:39:11.653,0.72634,0.72655,1.00,1.50
2017.01.25 21:39:21.710,0.72632,0.72655,1.00,1.50
2017.01.25 21:39:23.923,0.72633,0.72655,1.00,1.00
2017.01.25 21:39:23.974,0.72631,0.72655,1.00,1.00
2017.01.25 21:39:24.025,0.72632,0.72658,1.00,1.00
2017.01.25 21:39:24.451,0.72632,0.72655,1.12,1.00
2017.01.25 21:39:24.984,0.72633,0.72655,1.12,1.00
2017.01.25 21:39:25.517,0.72633,0.72656,1.12,1.00
2017.01.25 21:39:27.063,0.72632,0.72656,1.00,1.00
2017.01.25 21:39:31.643,0.72635,0.72651,1.00,1.00
2017.01.25 21:39:31.744,0.72633,0.72651,1.00,1.00
2017.01.25 21:39:42.963,0.72632,0.72651,1.00,1.00
2017.01.25 21:39:43.552,0.72632,0.72652,1.00,1.00
2017.01.25 21:39:43.988,0.72632,0.72654,1.00,1.00
2017.01.25 21:39:45.961,0.72632,0.72652,1.00,1.00
2017.01.25 21:39:46.162,0.72625,0.72646,1.00,1.00
2017.01.25 21:39:46.263,0.72625,0.72649,1.00,1.12
2017.01.25 21:39:47.030,0.72626,0.7265,1.00,1.00
2017.01.25 21:39:48.033,0.72626,0.72651,1.00,1.00
2017.01.25 21:39:49.156,0.72631,0.72651,1.00,1.00
2017.01.25 21:39:50.063,0.72631,0.7265,1.00,1.00
2017.01.25 21:39:52.593,0.72629,0.7265,1.00,1.00
2017.01.25 21:39:54.008,0.72629,0.72651,1.00,1.00
2017.01.25 21:39:54.059,0.72633,0.72651,1.00,1.50
2017.01.25 21:39:54.161,0.72631,0.72652,1.00,1.00
2017.01.25 21:39:58.642,0.72631,0.72655,1.00,1.00
2017.01.25 21:39:59.398,0.72631,0.72653,1.00,1.00
2017.01.25 21:40:00.358,0.72631,0.72652,1.00,1.00
2017.01.25 21:40:02.800,0.72631,0.72653,1.00,1.00
2017.01.25 21:40:06.560,0.72634,0.72653,1.50,1.00
2017.01.25 21:40:06.684,0.72632,0.72653,1.00,1.00
2017.01.25 21:40:07.203,0.72631,0.72653,1.00,1.00
2017.01.25 21:40:14.536,0.72633,0.72653,1.00,1.00
2017.01.25 21:40:16.187,0.72633,0.7265,1.00,1.00
2017.01.25 21:40:19.411,0.72633,0.72653,1.00,1.00
2017.01.25 21:40:19.462,0.72628,0.72653,1.37,1.00
2017.01.25 21:40:19.632,0.72628,0.72651,1.37,1.00
2017.01.25 21:40:22.358,0.72628,0.72651,1.00,1.00
2017.01.25 21:40:22.483,0.72628,0.72653,1.00,1.00
2017.01.25 21:40:22.611,0.72628,0.72651,1.00,1.00
2017.01.25 21:40:24.104,0.72622,0.72644,1.12,1.00
2017.01.25 21:40:24.267,0.7262,0.72643,1.12,1.00
2017.01.25 21:40:25.797,0.72621,0.72643,1.00,1.00
2017.01.25 21:40:30.856,0.7262,0.72643,1.00,1.00
2017.01.25 21:40:32.885,0.72621,0.72644,1.00,1.00
2017.01.25 21:40:33.388,0.72621,0.72645,1.00,1.00
2017.01.25 21:40:33.925,0.72621,0.72644,1.00,1.00
2017.01.25 21:40:38.823,0.72621,0.72643,1.00,1.00
2017.01.25 21:40:49.063,0.72619,0.72643,1.00,1.00
2017.01.25 21:40:49.596,0.7262,0.72643,1.00,1.00
2017.01.25 21:40:51.314,0.72619,0.72642,1.00,1.00
2017.01.25 21:40:51.863,0.72618,0.72641,1.00,1.00
2017.01.25 21:40:52.468,0.72618,0.7264,1.00,1.00
2017.01.25 21:40:53.127,0.72618,0.72641,1.00,1.00
2017.01.25 21:40:53.573,0.72627,0.72649,1.00,1.12
2017.01.25 21:40:54.111,0.72628,0.72651,1.00,1.50
2017.01.25 21:40:54.691,0.72628,0.7265,1.00,1.00
2017.01.25 21:41:11.166,0.72625,0.7265,1.12,1.00
2017.01.25 21:41:14.175,0.72625,0.72651,1.50,1.00
2017.01.25 21:41:14.256,0.7263,0.72653,1.00,1.00
2017.01.25 21:41:15.011,0.72627,0.72653,2.62,1.00
2017.01.25 21:41:15.287,0.72626,0.72653,1.12,1.00
2017.01.25 21:41:16.075,0.72626,0.72653,1.50,1.00
2017.01.25 21:41:16.822,0.72626,0.72654,1.50,1.00
2017.01.25 21:41:17.606,0.72626,0.72653,1.50,1.00
2017.01.25 21:41:18.143,0.72629,0.72654,1.12,1.00
2017.01.25 21:41:18.535,0.72629,0.72652,1.12,1.12
2017.01.25 21:41:20.181,0.72625,0.72651,1.50,1.00
2017.01.25 21:41:20.283,0.72629,0.72651,1.00,1.00
2017.01.25 21:41:30.806,0.72625,0.72651,3.00,1.00
2017.01.25 21:41:31.781,0.72625,0.72647,2.25,1.00
2017.01.25 21:41:32.091,0.72619,0.72641,1.50,1.00
2017.01.25 21:41:32.411,0.72616,0.72638,1.75,1.00
2017.01.25 21:41:32.777,0.72614,0.72633,1.75,1.00
2017.01.25 21:41:32.828,0.72612,0.72633,1.00,1.00
2017.01.25 21:41:32.879,0.7261,0.72631,2.25,1.00
2017.01.25 21:41:33.428,0.72609,0.72632,1.37,1.00
2017.01.25 21:41:33.971,0.72607,0.72631,1.37,1.00
2017.01.25 21:41:35.183,0.72607,0.72631,1.00,1.00
2017.01.25 21:41:35.997,0.72607,0.72632,1.00,1.00
2017.01.25 21:41:40.458,0.72607,0.72625,1.00,1.00
2017.01.25 21:41:41.656,0.72607,0.72631,1.00,1.50
2017.01.25 21:41:45.032,0.72611,0.72631,1.00,1.00
2017.01.25 21:41:45.134,0.72614,0.72636,1.00,1.50
2017.01.25 21:41:45.218,0.72616,0.72636,1.00,1.00
2017.01.25 21:41:45.622,0.72617,0.7264,1.00,1.50
2017.01.25 21:41:46.188,0.72617,0.72639,1.00,1.00
2017.01.25 21:41:46.980,0.72617,0.72636,1.00,1.00
2017.01.25 21:41:47.441,0.72613,0.72636,1.87,1.00
2017.01.25 21:41:48.010,0.72614,0.72636,1.37,1.00
2017.01.25 21:41:49.034,0.72616,0.72636,1.00,1.00
2017.01.25 21:41:49.274,0.72616,0.72639,1.00,1.00
2017.01.25 21:41:52.521,0.72617,0.7264,1.00,1.00
2017.01.25 21:41:53.973,0.72617,0.72641,1.00,1.50
2017.01.25 21:41:54.804,0.72615,0.72641,1.12,1.50
2017.01.25 21:42:01.036,0.72615,0.7264,1.00,1.00
2017.01.25 21:42:03.041,0.72613,0.72641,1.37,1.50
2017.01.25 21:42:03.563,0.72613,0.7264,1.37,1.00
2017.01.25 21:42:07.966,0.72613,0.72635,1.37,1.00
2017.01.25 21:42:08.067,0.72614,0.72637,1.00,1.00
2017.01.25 21:42:08.118,0.72612,0.72636,1.00,1.00
2017.01.25 21:42:08.664,0.72613,0.72636,1.00,1.00
2017.01.25 21:42:10.033,0.72613,0.72636,1.37,1.00
2017.01.25 21:42:12.281,0.72612,0.72636,1.12,1.00
2017.01.25 21:42:12.616,0.72612,0.72636,2.62,1.00
2017.01.25 21:42:13.930,0.72611,0.72635,1.37,1.00
2017.01.25 21:42:14.468,0.72613,0.72635,1.00,1.00
2017.01.25 21:42:14.832,0.72613,0.72637,1.00,1.00
2017.01.25 21:42:15.386,0.72611,0.72638,1.37,1.00
2017.01.25 21:42:15.594,0.72612,0.72636,1.12,1.00
2017.01.25 21:42:16.259,0.72612,0.72637,1.12,1.00
2017.01.25 21:42:16.410,0.72608,0.72635,1.37,1.00
2017.01.25 21:42:16.511,0.72609,0.72635,1.87,1.50
2017.01.25 21:42:17.029,0.72609,0.72635,1.37,1.50
2017.01.25 21:42:17.192,0.72606,0.72632,1.50,1.00
2017.01.25 21:42:17.507,0.72606,0.7263,1.12,1.00
2017.01.25 21:42:18.070,0.72608,0.7263,1.00,1.00
2017.01.25 21:42:18.768,0.72608,0.72631,1.00,1.50
2017.01.25 21:42:19.324,0.72607,0.7263,1.37,1.00
2017.01.25 21:42:19.841,0.72609,0.72626,1.00,1.00
2017.01.25 21:42:20.275,0.72609,0.72631,1.00,1.00
2017.01.25 21:42:20.879,0.7261,0.72631,1.00,1.50
2017.01.25 21:42:23.814,0.7261,0.7263,1.00,1.00
2017.01.25 21:42:24.995,0.7261,0.72631,1.00,1.00
2017.01.25 21:42:26.036,0.72608,0.72631,1.12,1.00
2017.01.25 21:42:26.554,0.72608,0.7263,1.12,1.00
2017.01.25 21:42:27.082,0.72608,0.72631,1.12,1.00
2017.01.25 21:42:27.465,0.7261,0.72631,1.00,1.00
2017.01.25 21:42:28.203,0.72611,0.72631,1.00,1.00
2017.01.25 21:42:28.860,0.72612,0.7263,1.00,1.00
2017.01.25 21:42:28.911,0.72612,0.72636,1.12,1.50
2017.01.25 21:42:29.077,0.72611,0.7263,1.00,1.00
2017.01.25 21:42:29.430,0.72609,0.7263,1.00,1.00
2017.01.25 21:42:30.353,0.72607,0.7263,1.37,1.00
2017.01.25 21:42:30.908,0.72609,0.7263,1.12,1.00
2017.01.25 21:42:32.765,0.72607,0.7263,1.37,1.00
2017.01.25 21:42:33.648,0.72608,0.72631,1.12,1.00
2017.01.25 21:42:33.917,0.7261,0.72631,1.00,1.00
2017.01.25 21:42:34.882,0.7261,0.72631,1.37,1.00
2017.01.25 21:42:36.318,0.72611,0.72636,1.12,1.00
2017.01.25 21:42:38.466,0.72611,0.72631,1.12,1.00
2017.01.25 21:42:39.032,0.72611,0.72636,1.12,1.50
2017.01.25 21:42:39.133,0.72612,0.7263,1.00,1.00
2017.01.25 21:42:39.264,0.7261,0.72634,1.37,1.00
2017.01.25 21:42:39.315,0.72606,0.72626,1.12,1.00
2017.01.25 21:42:39.467,0.72603,0.72626,1.37,1.00
2017.01.25 21:42:39.996,0.72603,0.72625,1.00,1.00
2017.01.25 21:42:40.612,0.72603,0.72626,1.00,1.00
2017.01.25 21:42:41.273,0.72604,0.72625,1.00,1.00
2017.01.25 21:42:42.136,0.72603,0.72625,1.00,1.00
2017.01.25 21:42:42.265,0.72603,0.72628,1.00,1.00
2017.01.25 21:42:42.442,0.72603,0.72626,1.00,1.00
2017.01.25 21:42:42.552,0.72603,0.72628,1.00,1.00
2017.01.25 21:42:43.251,0.72603,0.72627,1.00,1.00
2017.01.25 21:42:43.495,0.72605,0.72626,1.00,1.00
2017.01.25 21:42:45.785,0.72603,0.72626,1.00,1.00
2017.01.25 21:42:46.733,0.72603,0.72625,1.12,1.00
2017.01.25 21:42:46.834,0.72605,0.72625,1.12,1.00
2017.01.25 21:42:46.885,0.72605,0.72628,1.12,1.00
2017.01.25 21:42:47.113,0.72605,0.72626,1.12,1.00
2017.01.25 21:42:47.738,0.72605,0.72625,1.00,1.00
2017.01.25 21:42:48.343,0.72604,0.72625,1.00,1.00
2017.01.25 21:42:49.461,0.72605,0.72625,1.00,1.00
2017.01.25 21:42:49.661,0.72606,0.72629,1.00,1.00
2017.01.25 21:42:50.415,0.72606,0.72625,1.00,1.00
2017.01.25 21:42:51.277,0.726,0.72623,1.00,1.00
2017.01.25 21:42:51.327,0.72599,0.7262,1.00,1.00
2017.01.25 21:42:51.918,0.72598,0.72619,1.00,1.00
2017.01.25 21:42:54.062,0.72598,0.7262,1.00,1.00
2017.01.25 21:42:54.784,0.72598,0.72622,1.00,1.00
2017.01.25 21:42:56.134,0.72598,0.72624,1.00,1.00
2017.01.25 21:43:02.117,0.72597,0.7262,1.00,1.00
2017.01.25 21:43:02.630,0.72588,0.72613,1.00,1.00
2017.01.25 21:43:02.919,0.7259,0.72613,1.00,1.00
2017.01.25 21:43:03.356,0.72591,0.72611,1.00,1.00
2017.01.25 21:43:03.996,0.72591,0.7261,1.00,1.00
2017.01.25 21:43:05.134,0.72591,0.72614,1.00,1.00
2017.01.25 21:43:05.822,0.7259,0.72613,1.00,1.00
2017.01.25 21:43:07.990,0.72591,0.72613,1.00,1.00
2017.01.25 21:43:08.306,0.72592,0.72615,1.00,1.50
2017.01.25 21:43:09.313,0.72592,0.72616,1.00,1.00
2017.01.25 21:43:10.016,0.72595,0.72617,1.00,1.00
2017.01.25 21:43:10.067,0.72593,0.72617,1.00,1.00
2017.01.25 21:43:11.001,0.72593,0.72618,1.00,1.00
2017.01.25 21:43:13.819,0.72596,0.72616,1.00,1.00
2017.01.25 21:43:14.585,0.72595,0.72616,1.00,1.00
2017.01.25 21:43:16.138,0.72595,0.72619,1.00,1.00
2017.01.25 21:43:16.326,0.72596,0.72621,1.00,1.00
2017.01.25 21:43:21.624,0.72598,0.72622,1.00,1.00
2017.01.25 21:43:24.158,0.72598,0.7262,1.00,1.00
2017.01.25 21:43:24.270,0.72598,0.72622,1.00,1.00
2017.01.25 21:43:24.371,0.72598,0.72624,1.00,1.00
2017.01.25 21:43:25.490,0.72598,0.72625,1.00,1.87
2017.01.25 21:43:25.823,0.72596,0.72625,1.12,1.00
2017.01.25 21:43:26.518,0.72596,0.72625,1.37,1.37
2017.01.25 21:43:26.873,0.72598,0.72626,1.00,1.12
2017.01.25 21:43:27.659,0.72599,0.72626,1.00,1.12
2017.01.25 21:43:28.014,0.72596,0.72621,1.00,1.00
2017.01.25 21:43:28.115,0.72594,0.72621,1.00,1.50
2017.01.25 21:43:28.482,0.72591,0.72621,1.00,1.87
2017.01.25 21:43:29.554,0.72594,0.72621,1.00,1.00
2017.01.25 21:43:29.655,0.72591,0.7262,1.00,1.00
2017.01.25 21:43:30.177,0.72592,0.7262,1.50,1.00
2017.01.25 21:43:30.947,0.72593,0.7262,1.00,1.00
2017.01.25 21:43:31.484,0.72593,0.72621,1.00,1.50
2017.01.25 21:43:33.219,0.72595,0.72621,1.00,1.50
2017.01.25 21:43:34.169,0.72595,0.7262,1.00,1.00
2017.01.25 21:43:34.487,0.72594,0.72611,1.00,1.00
2017.01.25 21:43:35.086,0.72594,0.7261,1.00,1.00
2017.01.25 21:43:36.192,0.72594,0.72611,1.00,1.00
2017.01.25 21:43:36.727,0.72592,0.72611,1.00,1.00
2017.01.25 21:43:40.007,0.72592,0.7261,1.00,1.00
2017.01.25 21:43:40.515,0.72593,0.72611,1.00,1.00
2017.01.25 21:43:41.337,0.72592,0.72611,1.00,1.00
2017.01.25 21:43:41.991,0.72592,0.72611,1.37,1.00
2017.01.25 21:43:42.093,0.72592,0.72615,1.37,1.00
2017.01.25 21:43:42.144,0.72593,0.72611,1.12,1.00
2017.01.25 21:43:42.726,0.72592,0.72616,1.37,1.00
2017.01.25 21:43:44.528,0.72591,0.72616,1.37,1.00
2017.01.25 21:43:49.265,0.72592,0.72611,1.37,1.00
2017.01.25 21:43:50.423,0.72593,0.72615,1.37,1.00
2017.01.25 21:43:51.423,0.72595,0.72616,1.00,1.00
2017.01.25 21:43:51.979,0.72596,0.72616,1.00,1.00
2017.01.25 21:43:52.634,0.72595,0.72616,1.00,1.00
2017.01.25 21:43:53.159,0.72587,0.72611,1.37,1.00
2017.01.25 21:43:53.210,0.72595,0.72611,1.00,1.00
2017.01.25 21:43:53.261,0.72595,0.72615,1.00,1.50
2017.01.25 21:43:53.794,0.72596,0.72615,1.00,1.00
2017.01.25 21:43:54.379,0.72595,0.72615,1.00,1.00
2017.01.25 21:43:55.027,0.72596,0.72615,1.00,1.00
2017.01.25 21:43:56.216,0.72595,0.72615,1.00,1.00
2017.01.25 21:43:57.121,0.72595,0.72621,1.00,1.00
2017.01.25 21:44:00.206,0.72594,0.72621,1.00,1.00
2017.01.25 21:44:00.983,0.72593,0.72621,1.00,1.00
2017.01.25 21:44:01.554,0.72594,0.72621,1.00,1.00
2017.01.25 21:44:02.380,0.72593,0.72621,1.00,1.00
2017.01.25 21:44:03.106,0.72593,0.72619,1.00,1.00
2017.01.25 21:44:03.509,0.72588,0.72611,1.00,1.00
2017.01.25 21:44:03.660,0.72585,0.72616,1.00,1.00
2017.01.25 21:44:04.226,0.72585,0.72615,1.00,1.00
2017.01.25 21:44:04.757,0.72584,0.72615,1.00,1.00
2017.01.25 21:44:05.371,0.72585,0.72615,1.00,1.00
2017.01.25 21:44:07.401,0.72585,0.72616,1.00,1.50
2017.01.25 21:44:07.912,0.72585,0.72618,1.00,1.00
2017.01.25 21:44:08.311,0.72585,0.7262,1.00,1.00
2017.01.25 21:44:08.451,0.72574,0.72601,1.50,1.00
2017.01.25 21:44:08.771,0.72583,0.72609,1.00,1.00
2017.01.25 21:44:09.254,0.72581,0.72605,1.00,1.00
2017.01.25 21:44:09.305,0.72571,0.72602,1.00,1.00
2017.01.25 21:44:09.355,0.72569,0.72598,1.00,1.00
2017.01.25 21:44:09.406,0.72564,0.72601,1.37,1.00
2017.01.25 21:44:10.040,0.72565,0.72594,1.00,1.00
2017.01.25 21:44:10.353,0.72549,0.72575,1.37,1.00
2017.01.25 21:44:10.706,0.72547,0.72576,1.00,1.00
2017.01.25 21:44:10.928,0.72555,0.72578,1.00,1.00
2017.01.25 21:44:11.029,0.72559,0.72589,1.00,1.00
2017.01.25 21:44:11.130,0.72555,0.72581,1.00,1.00
2017.01.25 21:44:11.226,0.7256,0.72589,1.00,1.00
2017.01.25 21:44:11.277,0.7256,0.72591,1.00,1.50
2017.01.25 21:44:11.328,0.72562,0.72591,1.00,1.00
2017.01.25 21:44:11.480,0.7256,0.7259,1.00,1.50
2017.01.25 21:44:11.581,0.7256,0.72584,1.00,1.00
2017.01.25 21:44:11.697,0.72554,0.72584,1.00,1.50
2017.01.25 21:44:11.748,0.72551,0.72581,1.00,1.00
2017.01.25 21:44:12.063,0.72519,0.72549,1.37,1.00
2017.01.25 21:44:12.113,0.72519,0.72551,1.00,2.25
2017.01.25 21:44:12.164,0.72519,0.72549,1.00,1.00
2017.01.25 21:44:12.553,0.72518,0.72546,1.00,1.00
2017.01.25 21:44:12.851,0.7252,0.72551,1.00,1.00
2017.01.25 21:44:13.346,0.72525,0.72555,1.00,1.50
2017.01.25 21:44:14.004,0.72525,0.7255,1.00,1.00
2017.01.25 21:44:14.105,0.72522,0.7255,1.00,1.00
2017.01.25 21:44:14.943,0.72523,0.72551,1.00,1.00
2017.01.25 21:44:14.995,0.7252,0.72551,1.00,1.00
2017.01.25 21:44:15.046,0.72511,0.72521,1.50,1.00
2017.01.25 21:44:15.096,0.72504,0.72518,1.37,1.00
2017.01.25 21:44:15.178,0.72491,0.72519,2.47,1.00
2017.01.25 21:44:15.279,0.72491,0.72515,2.10,1.00
2017.01.25 21:44:15.330,0.72485,0.72512,1.00,1.00
2017.01.25 21:44:15.431,0.7249,0.72512,1.00,1.00
2017.01.25 21:44:15.482,0.72484,0.7251,1.00,1.00
2017.01.25 21:44:15.633,0.72489,0.72511,1.00,1.00
2017.01.25 21:44:15.684,0.72489,0.72513,1.00,1.00
2017.01.25 21:44:15.961,0.72484,0.72507,1.00,1.00
2017.01.25 21:44:16.062,0.72479,0.72504,1.00,1.00
2017.01.25 21:44:16.163,0.72474,0.72504,1.00,1.00
2017.01.25 21:44:16.330,0.72474,0.72506,1.00,1.50
2017.01.25 21:44:16.522,0.72469,0.72497,1.00,1.00
2017.01.25 21:44:16.623,0.72465,0.72496,1.00,1.00
2017.01.25 21:44:16.704,0.72464,0.72488,1.00,1.00
2017.01.25 21:44:16.805,0.72459,0.72484,1.00,1.00
2017.01.25 21:44:16.856,0.72465,0.72484,1.00,1.00
2017.01.25 21:44:16.906,0.72459,0.72481,1.00,1.00
2017.01.25 21:44:17.057,0.72454,0.72477,1.00,1.00
2017.01.25 21:44:17.380,0.72451,0.7248,1.00,1.00
2017.01.25 21:44:17.430,0.72454,0.7248,1.00,1.00
2017.01.25 21:44:17.481,0.72454,0.72482,1.00,1.00
2017.01.25 21:44:17.644,0.72451,0.7248,1.00,1.00
2017.01.25 21:44:17.804,0.72454,0.72483,1.00,1.50
2017.01.25 21:44:18.106,0.72449,0.72472,1.50,1.50
2017.01.25 21:44:18.208,0.72433,0.72466,2.10,1.00
2017.01.25 21:44:18.309,0.72398,0.72466,2.25,1.60
2017.01.25 21:44:18.360,0.72382,0.72453,1.00,1.00
2017.01.25 21:44:18.461,0.72389,0.72453,2.25,1.50
2017.01.25 21:44:18.763,0.7241,0.72438,1.00,1.00
2017.01.25 21:44:19.065,0.72412,0.72435,1.50,1.00
2017.01.25 21:44:19.548,0.72413,0.72438,1.00,1.00
2017.01.25 21:44:19.649,0.72413,0.72448,1.00,1.00
2017.01.25 21:44:19.700,0.72416,0.72448,1.00,1.00
2017.01.25 21:44:20.418,0.72419,0.72448,1.00,1.00
2017.01.25 21:44:20.926,0.7243,0.72448,1.00,1.00
2017.01.25 21:44:21.408,0.72428,0.72448,1.00,1.00
2017.01.25 21:44:21.656,0.7243,0.72448,1.50,1.00
2017.01.25 21:44:22.354,0.72428,0.72448,1.00,1.00
2017.01.25 21:44:22.405,0.7243,0.72448,1.00,1.00
2017.01.25 21:44:22.456,0.72433,0.72466,1.00,1.00
2017.01.25 21:44:22.557,0.72435,0.72483,1.00,1.12
2017.01.25 21:44:22.608,0.72435,0.72478,1.00,1.00
2017.01.25 21:44:22.911,0.72437,0.72481,1.00,1.00
2017.01.25 21:44:23.207,0.72435,0.72484,1.00,1.00
2017.01.25 21:44:23.258,0.72455,0.7249,1.00,1.00
2017.01.25 21:44:23.430,0.72453,0.72493,1.00,1.00
2017.01.25 21:44:25.765,0.72505,0.72572,1.00,1.37
2017.01.25 21:44:25.818,0.7251,0.72545,1.00,1.00
2017.01.25 21:44:25.869,0.72511,0.72549,1.00,1.00
2017.01.25 21:44:25.920,0.72511,0.72552,1.00,1.00
2017.01.25 21:44:26.071,0.72525,0.7256,1.00,1.00
2017.01.25 21:44:26.334,0.72526,0.72563,1.00,1.00
2017.01.25 21:44:26.603,0.72523,0.72566,1.00,1.00
2017.01.25 21:44:27.223,0.72524,0.72566,1.00,1.00
2017.01.25 21:44:27.747,0.72525,0.72566,1.00,1.00
2017.01.25 21:44:28.211,0.72526,0.72564,1.00,1.00
2017.01.25 21:44:29.212,0.72517,0.7255,1.37,1.00
2017.01.25 21:44:29.365,0.72515,0.72552,1.37,1.00
2017.01.25 21:44:29.466,0.72516,0.72554,1.00,1.00
2017.01.25 21:44:29.767,0.72515,0.7255,1.00,1.00
2017.01.25 21:44:30.214,0.72517,0.72551,1.00,1.00
2017.01.25 21:44:30.617,0.72507,0.7255,1.37,1.00
2017.01.25 21:44:31.391,0.72501,0.7255,1.37,1.00
2017.01.25 21:44:31.492,0.72509,0.7255,1.37,1.00
2017.01.25 21:44:32.213,0.72503,0.72551,1.87,1.00
2017.01.25 21:44:32.585,0.72507,0.72551,1.37,1.00
2017.01.25 21:44:34.490,0.72504,0.72551,1.00,1.00
2017.01.25 21:44:35.055,0.72505,0.7255,1.00,1.00
2017.01.25 21:44:36.359,0.72505,0.72546,1.00,1.00
2017.01.25 21:44:36.706,0.72498,0.72529,1.00,1.00
2017.01.25 21:44:37.311,0.72498,0.7253,1.00,1.00
2017.01.25 21:44:37.631,0.72514,0.72563,1.60,1.37
2017.01.25 21:44:37.755,0.72504,0.72538,2.47,1.00
2017.01.25 21:44:37.806,0.72499,0.72539,1.87,1.00
2017.01.25 21:44:37.942,0.72496,0.72535,1.00,1.00
2017.01.25 21:44:38.043,0.72494,0.72535,1.00,1.00
2017.01.25 21:44:38.107,0.72502,0.72537,1.00,1.00
2017.01.25 21:44:38.157,0.72494,0.72535,1.00,1.00
2017.01.25 21:44:38.693,0.72495,0.72535,1.00,1.00
2017.01.25 21:44:38.893,0.72509,0.72542,1.00,1.00
2017.01.25 21:44:39.045,0.72507,0.72548,1.00,1.00
2017.01.25 21:44:39.421,0.72513,0.72548,1.00,1.00
2017.01.25 21:44:39.693,0.72505,0.72545,1.37,1.00
2017.01.25 21:44:39.892,0.72498,0.72541,1.37,1.00
2017.01.25 21:44:40.562,0.72499,0.72544,1.00,1.00
2017.01.25 21:44:41.411,0.72499,0.72532,1.00,1.00
2017.01.25 21:44:41.512,0.72499,0.72563,2.10,1.00
2017.01.25 21:44:41.562,0.72499,0.72522,2.85,0.75
2017.01.25 21:44:41.613,0.72509,0.72537,1.60,1.00
2017.01.25 21:44:41.815,0.72514,0.72545,1.60,1.00
2017.01.25 21:44:41.966,0.72521,0.72544,1.00,1.00
2017.01.25 21:44:42.067,0.72504,0.72544,1.37,1.00
2017.01.25 21:44:42.229,0.72503,0.72544,1.37,1.00
2017.01.25 21:44:42.330,0.72498,0.72544,1.37,1.00
2017.01.25 21:44:42.834,0.72498,0.72544,1.00,1.00
2017.01.25 21:44:42.951,0.72498,0.72536,1.00,1.00
2017.01.25 21:44:43.052,0.72496,0.72536,1.00,1.00
2017.01.25 21:44:43.103,0.72496,0.72528,1.00,1.00
2017.01.25 21:44:43.406,0.72499,0.72527,1.00,1.00
2017.01.25 21:44:43.841,0.72509,0.72527,1.00,1.00
2017.01.25 21:44:43.977,0.72504,0.72535,1.00,1.00
2017.01.25 21:44:44.028,0.72505,0.72532,1.00,1.00
2017.01.25 21:44:44.180,0.72501,0.72532,1.00,1.00
2017.01.25 21:44:45.032,0.72501,0.72537,1.00,1.00
2017.01.25 21:44:45.184,0.72501,0.72524,1.00,1.00
2017.01.25 21:44:46.555,0.72499,0.72523,1.00,1.00
2017.01.25 21:44:47.062,0.72499,0.72524,1.00,1.00
2017.01.25 21:44:48.255,0.72495,0.72524,1.50,1.00
2017.01.25 21:44:48.356,0.72504,0.72524,1.00,1.00
2017.01.25 21:44:48.850,0.7251,0.72527,1.00,1.00
2017.01.25 21:44:48.960,0.725,0.72523,1.60,1.00
2017.01.25 21:44:49.111,0.725,0.7252,1.00,1.00
2017.01.25 21:44:49.263,0.72511,0.72536,1.00,1.00
2017.01.25 21:44:49.314,0.72511,0.72546,1.60,0.75
2017.01.25 21:44:49.365,0.72513,0.72547,1.60,0.75
2017.01.25 21:44:49.516,0.72513,0.72549,1.60,1.00
2017.01.25 21:44:49.617,0.72536,0.7255,1.00,1.00
2017.01.25 21:44:49.768,0.72536,0.72561,1.00,1.00
2017.01.25 21:44:49.951,0.72532,0.72562,1.00,1.00
2017.01.25 21:44:50.002,0.72532,0.72546,1.00,1.00
2017.01.25 21:44:50.052,0.72504,0.72538,1.00,1.00
2017.01.25 21:44:50.116,0.72504,0.7255,1.50,1.00
2017.01.25 21:44:50.167,0.7251,0.72563,1.00,1.00
2017.01.25 21:44:50.218,0.7251,0.72536,1.00,1.00
2017.01.25 21:44:50.268,0.72504,0.72536,1.50,1.00
2017.01.25 21:44:50.319,0.72504,0.72546,1.00,1.00
2017.01.25 21:44:50.369,0.72514,0.72546,1.00,1.00
2017.01.25 21:44:50.420,0.72514,0.72559,1.00,1.00
2017.01.25 21:44:50.471,0.72525,0.72575,1.00,1.00
2017.01.25 21:44:50.521,0.7251,0.72526,1.00,1.00
2017.01.25 21:44:50.572,0.725,0.72526,1.00,1.00
2017.01.25 21:44:50.673,0.72511,0.72564,1.00,1.60
2017.01.25 21:44:50.723,0.72526,0.72539,1.00,1.00
2017.01.25 21:44:50.824,0.72501,0.72521,1.00,1.00
2017.01.25 21:44:50.976,0.72504,0.72521,1.00,1.00
2017.01.25 21:44:51.026,0.72494,0.72526,1.00,1.00
2017.01.25 21:44:51.127,0.72505,0.72562,1.00,1.00
2017.01.25 21:44:51.242,0.72507,0.72581,1.00,1.00
2017.01.25 21:44:51.343,0.72471,0.72525,1.00,1.00
2017.01.25 21:44:51.394,0.72467,0.72525,1.00,1.00
2017.01.25 21:44:51.643,0.72477,0.72542,1.00,1.00
2017.01.25 21:44:51.773,0.72471,0.72516,1.00,1.00
2017.01.25 21:44:51.823,0.72466,0.72516,1.00,1.00
2017.01.25 21:44:52.227,0.72454,0.72516,1.00,1.00
2017.01.25 21:44:52.435,0.72454,0.72511,1.00,1.00
2017.01.25 21:44:52.772,0.72465,0.72511,1.00,1.00
2017.01.25 21:44:52.823,0.7247,0.72566,1.00,1.00
2017.01.25 21:44:52.874,0.72475,0.7257,1.00,1.00
2017.01.25 21:44:53.284,0.72494,0.72587,1.00,1.00
2017.01.25 21:44:53.641,0.72496,0.72586,1.00,1.00
2017.01.25 21:44:54.174,0.72495,0.72586,1.00,1.00
2017.01.25 21:44:54.562,0.72503,0.72589,1.00,1.00
2017.01.25 21:44:55.175,0.72504,0.72587,1.00,1.00
2017.01.25 21:44:56.056,0.72504,0.72565,1.00,1.00
2017.01.25 21:44:56.107,0.72502,0.72565,1.00,1.00
2017.01.25 21:44:56.406,0.72504,0.72565,1.00,1.00
2017.01.25 21:44:56.562,0.72502,0.72565,1.00,1.00
2017.01.25 21:44:56.787,0.725,0.72565,1.00,1.00
2017.01.25 21:44:57.293,0.72501,0.72565,1.00,1.00
2017.01.25 21:44:57.509,0.72503,0.72566,1.00,1.50
2017.01.25 21:44:57.824,0.72506,0.72566,1.00,1.00
2017.01.25 21:44:58.355,0.72506,0.72582,1.00,0.75
2017.01.25 21:44:58.663,0.72503,0.72587,1.00,0.75
2017.01.25 21:44:59.933,0.72539,0.72588,1.00,0.75
2017.01.25 21:45:00.035,0.72547,0.726,1.00,0.75
2017.01.25 21:45:00.136,0.72547,0.72604,1.00,0.75
2017.01.25 21:45:00.430,0.72547,0.726,1.00,0.75
2017.01.25 21:45:00.959,0.72634,0.72716,0.75,1.00
2017.01.25 21:45:01.011,0.72623,0.72707,0.75,1.00
2017.01.25 21:45:01.113,0.72623,0.72705,0.75,1.00
2017.01.25 21:45:01.434,0.72625,0.72704,1.00,1.50
2017.01.25 21:45:01.757,0.72623,0.72699,0.75,1.00
2017.01.25 21:45:02.061,0.72586,0.72677,1.00,1.00
2017.01.25 21:45:02.112,0.72587,0.72681,1.00,1.00
2017.01.25 21:45:02.162,0.72627,0.72681,1.00,0.75
2017.01.25 21:45:02.263,0.72627,0.72693,1.00,2.25
2017.01.25 21:45:02.314,0.72588,0.72677,1.00,1.00
2017.01.25 21:45:02.385,0.72598,0.72693,1.00,1.50
2017.01.25 21:45:02.467,0.72592,0.72691,1.00,1.00
2017.01.25 21:45:02.518,0.72591,0.72686,1.00,1.00
2017.01.25 21:45:02.820,0.72597,0.7269,1.00,1.00
2017.01.25 21:45:03.136,0.72724,0.72799,0.75,1.00
2017.01.25 21:45:03.438,0.72684,0.72759,0.75,1.00
2017.01.25 21:45:03.590,0.7263,0.72751,1.00,1.00
2017.01.25 21:45:03.641,0.72674,0.72755,0.75,1.00
2017.01.25 21:45:04.093,0.72679,0.72755,1.00,1.50
2017.01.25 21:45:04.396,0.72719,0.72754,1.00,1.00
2017.01.25 21:45:04.731,0.72702,0.72753,1.00,1.00
2017.01.25 21:45:04.782,0.72684,0.72745,2.10,1.00
2017.01.25 21:45:05.085,0.72739,0.72755,1.00,1.50
2017.01.25 21:45:05.135,0.72713,0.72787,1.60,1.00
2017.01.25 21:45:05.186,0.72713,0.72783,1.60,1.00
2017.01.25 21:45:05.410,0.72709,0.72771,1.00,1.00
2017.01.25 21:45:05.511,0.72683,0.72767,1.60,1.00
2017.01.25 21:45:05.868,0.72695,0.72767,1.00,1.00
2017.01.25 21:45:06.120,0.72695,0.72774,1.00,3.00
2017.01.25 21:45:06.231,0.72697,0.72768,1.00,1.00
2017.01.25 21:45:06.534,0.72697,0.7276,1.00,1.00
2017.01.25 21:45:06.736,0.72698,0.72766,1.00,1.00
2017.01.25 21:45:06.868,0.72698,0.7276,1.00,1.00
2017.01.25 21:45:07.121,0.72698,0.72764,1.00,1.00
2017.01.25 21:45:07.172,0.72708,0.72766,1.00,1.00
2017.01.25 21:45:07.222,0.72705,0.72766,1.00,1.00
2017.01.25 21:45:07.323,0.72699,0.72761,1.00,1.00
2017.01.25 21:45:07.612,0.72699,0.72735,1.00,0.75
2017.01.25 21:45:07.662,0.72669,0.7272,1.37,0.75
2017.01.25 21:45:07.713,0.72669,0.72735,1.37,0.75
2017.01.25 21:45:07.764,0.72681,0.7274,1.00,1.00
2017.01.25 21:45:07.865,0.7265,0.7273,1.50,1.00
2017.01.25 21:45:07.916,0.7265,0.72739,1.00,1.00
2017.01.25 21:45:07.966,0.72649,0.72739,1.37,1.00
2017.01.25 21:45:08.017,0.72649,0.72745,1.37,1.00
2017.01.25 21:45:08.168,0.72664,0.72749,1.00,1.37
2017.01.25 21:45:08.470,0.72764,0.72785,1.00,1.00
2017.01.25 21:45:08.635,0.72765,0.72793,1.00,1.37
2017.01.25 21:45:08.741,0.72765,0.72794,1.00,1.87
2017.01.25 21:45:08.792,0.72765,0.72802,1.00,1.37
2017.01.25 21:45:08.893,0.72765,0.72805,1.00,2.62
2017.01.25 21:45:08.994,0.72765,0.72805,1.00,2.25
2017.01.25 21:45:09.246,0.72758,0.72805,1.00,2.25
2017.01.25 21:45:09.297,0.72747,0.72805,1.60,1.00
2017.01.25 21:45:09.398,0.72747,0.72807,1.00,1.37
2017.01.25 21:45:09.499,0.72747,0.72807,1.00,1.37
2017.01.25 21:45:09.549,0.72747,0.72797,1.00,1.00
2017.01.25 21:45:09.852,0.72758,0.72811,1.00,1.37
2017.01.25 21:45:09.902,0.72758,0.72815,1.00,1.37
2017.01.25 21:45:10.067,0.72751,0.72796,1.37,1.00
2017.01.25 21:45:10.168,0.72749,0.728,1.00,1.00
2017.01.25 21:45:10.287,0.72749,0.72799,1.00,1.37
2017.01.25 21:45:10.589,0.72759,0.728,1.00,1.87
2017.01.25 21:45:10.761,0.72759,0.728,1.00,1.12
2017.01.25 21:45:10.912,0.72749,0.728,1.00,1.12
2017.01.25 21:45:10.963,0.72749,0.72796,1.00,1.00
2017.01.25 21:45:11.842,0.72766,0.728,1.12,1.37
2017.01.25 21:45:12.109,0.72766,0.72813,1.00,1.00
2017.01.25 21:45:12.160,0.72767,0.72813,1.87,1.00
2017.01.25 21:45:12.261,0.72763,0.72813,1.50,1.00
2017.01.25 21:45:12.312,0.72789,0.72813,1.00,1.00
2017.01.25 21:45:12.363,0.72789,0.7282,1.00,1.00
2017.01.25 21:45:12.464,0.72799,0.72825,1.00,1.00
2017.01.25 21:45:12.515,0.72799,0.72827,1.00,1.00
2017.01.25 21:45:12.616,0.72799,0.72823,1.00,1.00
2017.01.25 21:45:12.767,0.72799,0.72826,1.00,1.00
2017.01.25 21:45:12.918,0.72804,0.72827,1.00,1.00
2017.01.25 21:45:13.019,0.72804,0.72829,1.00,1.00
2017.01.25 21:45:13.532,0.72804,0.72831,1.00,1.00
2017.01.25 21:45:14.335,0.72804,0.72833,1.00,1.50
2017.01.25 21:45:14.925,0.72804,0.72834,1.00,1.00
2017.01.25 21:45:14.976,0.72804,0.72831,1.00,1.00
2017.01.25 21:45:15.228,0.7281,0.72839,1.00,1.50
2017.01.25 21:45:15.863,0.72809,0.72838,1.00,1.00
2017.01.25 21:45:15.914,0.72804,0.72837,1.00,1.00
2017.01.25 21:45:15.965,0.72804,0.7284,1.00,1.00
2017.01.25 21:45:16.015,0.72815,0.7284,1.00,1.00
2017.01.25 21:45:16.560,0.72814,0.72841,1.00,1.00
2017.01.25 21:45:16.982,0.72814,0.72838,1.00,1.00
2017.01.25 21:45:17.242,0.72809,0.72838,1.00,1.00
2017.01.25 21:45:17.443,0.72815,0.72839,1.00,1.00
2017.01.25 21:45:17.973,0.72814,0.72839,1.00,1.00
2017.01.25 21:45:18.161,0.728,0.72831,1.00,1.00
2017.01.25 21:45:18.262,0.72805,0.72837,1.00,1.00
2017.01.25 21:45:18.525,0.72825,0.7285,1.00,1.00
2017.01.25 21:45:18.626,0.72817,0.72851,1.87,1.00
2017.01.25 21:45:18.677,0.72808,0.72851,1.97,1.00
2017.01.25 21:45:18.929,0.72804,0.72851,2.62,1.00
2017.01.25 21:45:19.030,0.72804,0.7284,1.87,1.00
2017.01.25 21:45:19.081,0.72802,0.7284,1.12,1.00
2017.01.25 21:45:19.253,0.72804,0.72849,1.00,1.87
2017.01.25 21:45:19.304,0.72805,0.72845,1.00,2.62
2017.01.25 21:45:19.820,0.72805,0.72842,1.00,1.00
2017.01.25 21:45:20.334,0.72804,0.72841,1.00,1.00
2017.01.25 21:45:20.385,0.72804,0.72845,1.00,1.00
2017.01.25 21:45:20.436,0.72807,0.72845,1.00,1.00
2017.01.25 21:45:20.968,0.72805,0.72845,1.00,1.50
2017.01.25 21:45:21.071,0.72804,0.72839,1.00,1.00
2017.01.25 21:45:21.404,0.72809,0.72833,1.00,1.00
2017.01.25 21:45:21.505,0.72809,0.72839,1.00,1.00
2017.01.25 21:45:21.657,0.72809,0.72841,1.00,1.00
2017.01.25 21:45:21.815,0.72805,0.72841,1.00,1.00
2017.01.25 21:45:22.136,0.72807,0.72842,1.00,1.50
2017.01.25 21:45:22.638,0.72806,0.72842,1.00,1.00
2017.01.25 21:45:23.110,0.7281,0.72843,1.00,1.00
2017.01.25 21:45:23.262,0.72807,0.72842,1.00,1.00
2017.01.25 21:45:23.823,0.72807,0.72839,1.00,1.00
2017.01.25 21:45:24.441,0.72809,0.72843,1.00,1.00
2017.01.25 21:45:24.944,0.72807,0.72842,1.00,1.00
2017.01.25 21:45:25.296,0.72807,0.72839,1.00,1.00
2017.01.25 21:45:25.455,0.72804,0.72836,1.50,1.00
2017.01.25 21:45:25.808,0.72805,0.72838,1.00,1.00
2017.01.25 21:45:26.228,0.72803,0.72838,1.50,1.00
2017.01.25 21:45:26.279,0.72805,0.7283,1.00,1.00
2017.01.25 21:45:26.330,0.72803,0.7283,1.00,1.00
2017.01.25 21:45:26.381,0.72795,0.72828,1.00,1.00
2017.01.25 21:45:26.505,0.72795,0.7283,1.00,1.00
2017.01.25 21:45:26.731,0.72796,0.72828,1.00,1.00
2017.01.25 21:45:27.060,0.72804,0.72834,1.00,1.00
2017.01.25 21:45:27.118,0.72808,0.7284,1.00,1.00
2017.01.25 21:45:28.220,0.72812,0.7284,1.00,1.00
2017.01.25 21:45:30.669,0.72812,0.72839,1.00,1.00
2017.01.25 21:45:31.127,0.72809,0.72833,1.50,1.00
2017.01.25 21:45:31.711,0.72806,0.72833,1.00,1.00
2017.01.25 21:45:31.994,0.72816,0.72845,1.00,1.87
2017.01.25 21:45:32.096,0.72822,0.72851,1.00,1.37
2017.01.25 21:45:32.147,0.72822,0.72851,1.37,1.37
2017.01.25 21:45:32.313,0.72817,0.72851,1.00,1.00
2017.01.25 21:45:32.416,0.72817,0.72853,1.00,1.00
2017.01.25 21:45:32.569,0.72813,0.72854,1.37,1.00
2017.01.25 21:45:32.620,0.72823,0.72858,1.37,1.00
2017.01.25 21:45:32.922,0.72839,0.72868,1.00,1.00
2017.01.25 21:45:33.306,0.72841,0.72869,1.00,1.00
2017.01.25 21:45:33.870,0.72841,0.72867,1.00,1.00
2017.01.25 21:45:34.037,0.72837,0.72867,1.00,1.00
2017.01.25 21:45:34.166,0.7284,0.72867,1.00,1.00
2017.01.25 21:45:34.453,0.72837,0.72866,1.00,1.00
2017.01.25 21:45:35.025,0.72837,0.72867,1.00,1.00
2017.01.25 21:45:35.340,0.72839,0.72867,1.00,1.00
2017.01.25 21:45:35.641,0.72837,0.72868,1.00,1.00
2017.01.25 21:45:35.743,0.7284,0.72868,1.00,1.00
2017.01.25 21:45:36.341,0.72837,0.72869,1.00,1.00
2017.01.25 21:45:36.392,0.72836,0.72867,1.00,1.00
2017.01.25 21:45:36.695,0.72837,0.72865,1.00,1.00
2017.01.25 21:45:36.796,0.72837,0.72867,1.50,1.00
2017.01.25 21:45:36.846,0.72839,0.72867,1.00,1.00
2017.01.25 21:45:36.953,0.72837,0.72867,1.50,1.00
2017.01.25 21:45:37.665,0.72838,0.72868,1.00,1.00
2017.01.25 21:45:37.823,0.7284,0.72868,1.00,1.00
2017.01.25 21:45:37.961,0.7284,0.7287,1.00,1.00
2017.01.25 21:45:38.062,0.72843,0.7287,1.00,1.50
2017.01.25 21:45:40.211,0.72843,0.72866,1.00,1.00
2017.01.25 21:45:40.338,0.7284,0.72866,1.00,1.00
2017.01.25 21:45:40.915,0.72841,0.72866,1.00,1.00
2017.01.25 21:45:41.419,0.7284,0.72865,1.00,1.00
2017.01.25 21:45:41.621,0.72839,0.72868,1.00,1.00
2017.01.25 21:45:41.673,0.72839,0.72866,1.00,1.00
2017.01.25 21:45:41.866,0.72834,0.72866,1.50,1.00
2017.01.25 21:45:42.812,0.72836,0.72866,1.00,1.00
2017.01.25 21:45:43.113,0.72834,0.72866,1.50,2.25
2017.01.25 21:45:43.214,0.72836,0.72866,1.00,1.00
2017.01.25 21:45:45.052,0.72837,0.72866,1.00,1.00
2017.01.25 21:45:45.575,0.72838,0.72866,1.00,1.00
2017.01.25 21:45:46.093,0.72839,0.72866,1.00,1.00
2017.01.25 21:45:46.674,0.72838,0.72866,1.00,1.00
2017.01.25 21:45:47.057,0.72837,0.72864,1.00,1.00
2017.01.25 21:45:47.108,0.72834,0.72865,1.50,1.00
2017.01.25 21:45:48.624,0.72837,0.72864,1.00,1.00
2017.01.25 21:45:48.724,0.72838,0.72866,1.00,1.00
2017.01.25 21:45:48.926,0.72846,0.72876,1.00,1.00
2017.01.25 21:45:49.027,0.72841,0.72871,1.12,1.00
2017.01.25 21:45:49.531,0.7284,0.72871,1.00,1.00
2017.01.25 21:45:50.044,0.72839,0.72871,1.12,1.00
2017.01.25 21:45:50.360,0.72844,0.72871,1.00,1.00
2017.01.25 21:45:50.753,0.72854,0.72879,1.00,1.00
2017.01.25 21:45:50.804,0.72855,0.72882,1.00,1.00
2017.01.25 21:45:50.855,0.72859,0.72887,1.50,1.00
2017.01.25 21:45:51.328,0.72861,0.72888,1.00,1.00
2017.01.25 21:45:51.379,0.72861,0.72891,1.00,1.00
2017.01.25 21:45:52.257,0.7286,0.72891,1.00,1.00
2017.01.25 21:45:52.308,0.72851,0.72891,1.50,1.12
2017.01.25 21:45:52.359,0.72854,0.72886,1.87,1.00
2017.01.25 21:45:52.682,0.7286,0.72886,1.00,1.00
2017.01.25 21:45:52.971,0.72841,0.72871,1.37,1.00
2017.01.25 21:45:53.072,0.72841,0.72871,1.00,1.00
2017.01.25 21:45:53.733,0.72839,0.72871,1.37,1.00
2017.01.25 21:45:54.393,0.72839,0.72871,1.12,1.00
2017.01.25 21:45:54.548,0.7284,0.72876,1.37,1.00
2017.01.25 21:45:54.649,0.72845,0.72884,1.00,1.12
2017.01.25 21:45:55.557,0.72844,0.72871,1.12,1.00
2017.01.25 21:45:55.608,0.72841,0.72871,1.12,1.00
2017.01.25 21:45:56.374,0.7284,0.72871,1.00,1.00
2017.01.25 21:45:56.612,0.72835,0.72867,1.37,1.00
2017.01.25 21:45:56.837,0.72845,0.72881,1.12,1.00
2017.01.25 21:45:56.887,0.72846,0.72879,1.00,1.00
2017.01.25 21:45:56.938,0.72841,0.7288,1.87,1.00
2017.01.25 21:45:57.089,0.72843,0.72879,1.87,1.00
2017.01.25 21:45:57.140,0.72843,0.72884,1.87,1.00
2017.01.25 21:45:57.291,0.72842,0.72884,1.37,1.00
