2017.01.11 17:00:00.078,0.71479,0.71503,1.50,1.00
2017.01.11 17:00:00.179,0.71484,0.71507,1.00,1.37
2017.01.11 17:00:00.327,0.7148,0.71502,1.00,1.00
2017.01.11 17:00:00.680,0.71481,0.71506,1.00,1.87
2017.01.11 17:00:00.730,0.71481,0.71502,1.00,1.00
2017.01.11 17:00:01.228,0.71477,0.71501,1.00,1.00
2017.01.11 17:00:01.382,0.7148,0.71502,1.00,1.00
2017.01.11 17:00:01.635,0.71478,0.71502,1.00,1.00
2017.01.11 17:00:02.274,0.71479,0.71502,1.00,1.00
2017.01.11 17:00:02.577,0.71478,0.715,1.00,1.00
2017.01.11 17:00:02.879,0.71479,0.71503,1.00,1.00
2017.01.11 17:00:03.482,0.71478,0.71503,1.00,1.50
2017.01.11 17:00:03.642,0.71481,0.71503,1.00,1.00
2017.01.11 17:00:04.155,0.71481,0.71504,1.00,1.12
2017.01.11 17:00:04.479,0.71484,0.71505,1.00,1.37
2017.01.11 17:00:05.033,0.71483,0.71508,1.00,1.37
2017.01.11 17:00:05.381,0.71485,0.71507,1.00,1.37
2017.01.11 17:00:05.613,0.71486,0.7151,1.00,1.50
2017.01.11 17:00:05.765,0.71484,0.71508,1.50,1.00
2017.01.11 17:00:06.465,0.71483,0.71506,1.00,1.00
2017.01.11 17:00:06.767,0.71479,0.71503,2.25,1.00
2017.01.11 17:00:06.980,0.71485,0.71504,1.00,1.00
2017.01.11 17:00:07.181,0.71485,0.71509,1.50,1.00
2017.01.11 17:00:07.714,0.71484,0.71508,1.00,1.00
2017.01.11 17:00:08.026,0.71486,0.71509,1.00,1.00
2017.01.11 17:00:08.244,0.71484,0.71508,1.50,1.00
2017.01.11 17:00:08.461,0.71486,0.71509,1.00,1.00
2017.01.11 17:00:08.713,0.71488,0.71512,1.00,1.50
2017.01.11 17:00:08.764,0.71486,0.7151,1.00,1.00
2017.01.11 17:00:09.067,0.71486,0.71506,1.00,1.00
2017.01.11 17:00:09.204,0.71484,0.71506,1.00,1.50
2017.01.11 17:00:09.718,0.71482,0.71506,1.00,1.00
2017.01.11 17:00:09.819,0.71485,0.71505,1.00,1.00
2017.01.11 17:00:09.870,0.71485,0.71507,1.00,1.00
2017.01.11 17:00:09.971,0.71484,0.71509,1.00,1.50
2017.01.11 17:00:10.173,0.71482,0.71507,1.50,1.00
2017.01.11 17:00:10.483,0.71481,0.71505,1.00,1.00
2017.01.11 17:00:10.938,0.71479,0.71501,1.00,1.00
2017.01.11 17:00:11.267,0.7148,0.71503,1.50,1.00
2017.01.11 17:00:11.369,0.71478,0.71501,1.00,1.00
2017.01.11 17:00:11.919,0.71479,0.71502,1.00,1.00
2017.01.11 17:00:12.631,0.7148,0.71502,1.00,1.00
2017.01.11 17:00:12.682,0.7148,0.71504,1.00,1.00
2017.01.11 17:00:12.894,0.71478,0.71502,1.00,1.00
2017.01.11 17:00:13.280,0.71478,0.715,1.00,1.00
2017.01.11 17:00:13.520,0.71479,0.71503,1.00,1.00
2017.01.11 17:00:14.060,0.71479,0.71504,2.25,1.00
2017.01.11 17:00:14.418,0.71482,0.71506,1.00,1.50
2017.01.11 17:00:14.721,0.7148,0.715,1.00,1.00
2017.01.11 17:00:14.923,0.71479,0.71504,2.25,1.00
2017.01.11 17:00:15.075,0.71479,0.715,1.00,1.00
2017.01.11 17:00:15.283,0.7148,0.71505,1.50,1.00
2017.01.11 17:00:15.334,0.71483,0.71506,1.00,1.00
2017.01.11 17:00:15.436,0.7148,0.71505,1.50,1.50
2017.01.11 17:00:15.688,0.71482,0.71506,1.00,1.50
2017.01.11 17:00:16.025,0.7148,0.71504,1.00,1.00
2017.01.11 17:00:16.365,0.71483,0.71508,1.00,1.00
2017.01.11 17:00:16.769,0.71482,0.71505,1.00,1.00
2017.01.11 17:00:17.072,0.71479,0.71501,1.50,1.00
2017.01.11 17:00:17.296,0.71477,0.71502,1.50,1.00
2017.01.11 17:00:17.347,0.7148,0.71503,1.00,1.00
2017.01.11 17:00:17.498,0.71481,0.71505,1.00,1.00
2017.01.11 17:00:17.599,0.7148,0.71503,1.00,1.00
2017.01.11 17:00:17.852,0.71482,0.71506,1.00,1.00
2017.01.11 17:00:18.053,0.71478,0.71501,1.37,1.00
2017.01.11 17:00:18.155,0.71481,0.71505,1.00,1.00
2017.01.11 17:00:18.442,0.71478,0.71502,1.00,1.00
2017.01.11 17:00:19.432,0.71479,0.71502,1.00,1.00
2017.01.11 17:00:19.823,0.71481,0.71504,1.00,1.00
2017.01.11 17:00:20.246,0.71484,0.71506,1.00,1.50
2017.01.11 17:00:20.706,0.71481,0.71503,1.50,1.00
2017.01.11 17:00:20.757,0.71479,0.71504,1.50,1.50
2017.01.11 17:00:20.808,0.71484,0.71504,1.00,1.00
2017.01.11 17:00:20.909,0.71486,0.71511,1.00,1.87
2017.01.11 17:00:21.162,0.71482,0.71507,1.00,1.00
2017.01.11 17:00:21.264,0.71484,0.71508,1.00,1.50
2017.01.11 17:00:21.775,0.71482,0.71506,1.00,1.00
2017.01.11 17:00:22.213,0.71484,0.71508,1.00,1.00
2017.01.11 17:00:22.637,0.71485,0.7151,1.00,1.00
2017.01.11 17:00:22.889,0.71483,0.7151,1.00,1.00
2017.01.11 17:00:23.131,0.71482,0.71506,1.00,1.00
2017.01.11 17:00:23.586,0.71483,0.71509,1.00,1.00
2017.01.11 17:00:23.637,0.71483,0.71506,1.00,1.00
2017.01.11 17:00:23.738,0.71483,0.71509,1.00,1.00
2017.01.11 17:00:23.788,0.71485,0.7151,1.00,1.50
2017.01.11 17:00:24.404,0.71483,0.71509,1.00,1.00
2017.01.11 17:00:24.505,0.71486,0.71509,1.00,1.00
2017.01.11 17:00:24.759,0.71487,0.71511,1.00,1.12
2017.01.11 17:00:25.361,0.71489,0.7151,1.00,1.00
2017.01.11 17:00:25.513,0.71484,0.71509,1.00,1.00
2017.01.11 17:00:25.715,0.71486,0.7151,1.00,1.00
2017.01.11 17:00:26.018,0.71489,0.7151,1.00,1.50
2017.01.11 17:00:26.637,0.71489,0.71511,1.00,1.00
2017.01.11 17:00:27.149,0.7149,0.71511,1.00,1.50
2017.01.11 17:00:27.702,0.71491,0.71511,1.00,1.00
2017.01.11 17:00:27.803,0.71487,0.71511,1.50,1.50
2017.01.11 17:00:27.966,0.71489,0.71511,1.00,1.50
2017.01.11 17:00:28.219,0.71487,0.71511,1.00,1.50
2017.01.11 17:00:28.654,0.7149,0.71509,1.00,1.00
2017.01.11 17:00:28.755,0.71488,0.71509,1.00,1.00
2017.01.11 17:00:29.236,0.71488,0.71506,1.00,1.35
2017.01.11 17:00:29.640,0.71484,0.71506,1.00,1.00
2017.01.11 17:00:29.691,0.71485,0.71509,1.00,1.00
2017.01.11 17:00:29.741,0.7149,0.71511,1.00,1.00
2017.01.11 17:00:29.792,0.7149,0.71514,1.00,1.12
2017.01.11 17:00:29.843,0.71488,0.71514,1.00,1.50
2017.01.11 17:00:30.117,0.71486,0.71511,1.00,1.00
2017.01.11 17:00:30.904,0.71487,0.71511,1.00,1.00
2017.01.11 17:00:31.406,0.71487,0.7151,1.00,1.00
2017.01.11 17:00:31.507,0.71482,0.71507,1.00,1.00
2017.01.11 17:00:31.608,0.71481,0.71505,1.00,1.00
2017.01.11 17:00:31.911,0.71485,0.7151,1.00,1.50
2017.01.11 17:00:32.175,0.71481,0.71505,1.00,1.50
2017.01.11 17:00:32.477,0.71485,0.71509,1.00,1.00
2017.01.11 17:00:32.781,0.71481,0.71506,1.00,1.50
2017.01.11 17:00:32.884,0.71484,0.71506,1.00,1.00
2017.01.11 17:00:33.036,0.71481,0.71504,1.00,1.00
2017.01.11 17:00:33.235,0.71479,0.71504,1.00,1.00
2017.01.11 17:00:33.466,0.7148,0.71506,1.00,1.50
2017.01.11 17:00:33.517,0.71484,0.71507,1.00,1.00
2017.01.11 17:00:33.769,0.7148,0.71505,1.00,1.00
2017.01.11 17:00:33.921,0.7148,0.71502,1.00,1.00
2017.01.11 17:00:34.418,0.7148,0.715,1.00,1.00
2017.01.11 17:00:34.469,0.71477,0.715,1.00,1.00
2017.01.11 17:00:34.671,0.71475,0.715,1.00,1.00
2017.01.11 17:00:35.305,0.71476,0.715,1.00,1.00
2017.01.11 17:00:35.406,0.71476,0.71498,1.00,1.00
2017.01.11 17:00:35.910,0.71475,0.71498,1.00,1.00
2017.01.11 17:00:35.961,0.71471,0.71495,1.50,1.00
2017.01.11 17:00:36.012,0.71471,0.71498,1.50,1.00
2017.01.11 17:00:36.062,0.71471,0.71495,1.50,1.00
2017.01.11 17:00:36.273,0.71475,0.715,1.00,1.00
2017.01.11 17:00:36.323,0.71481,0.71502,1.00,1.37
2017.01.11 17:00:36.536,0.71482,0.71506,1.00,1.50
2017.01.11 17:00:36.637,0.71483,0.71508,1.00,1.00
2017.01.11 17:00:36.738,0.71488,0.7151,1.00,1.00
2017.01.11 17:00:36.839,0.71485,0.7151,1.00,1.50
2017.01.11 17:00:37.035,0.71483,0.7151,1.00,1.50
2017.01.11 17:00:37.122,0.71485,0.71508,1.00,1.00
2017.01.11 17:00:37.325,0.71483,0.71508,1.00,1.00
2017.01.11 17:00:37.377,0.71486,0.7151,1.00,1.00
2017.01.11 17:00:37.680,0.71489,0.71512,1.00,1.00
2017.01.11 17:00:38.071,0.7149,0.7151,1.00,1.00
2017.01.11 17:00:38.122,0.7149,0.71512,1.00,1.00
2017.01.11 17:00:38.273,0.71488,0.71512,1.00,1.00
2017.01.11 17:00:38.375,0.71486,0.71512,1.00,1.00
2017.01.11 17:00:38.526,0.71488,0.71511,1.00,1.00
2017.01.11 17:00:38.627,0.71488,0.71513,1.00,1.12
2017.01.11 17:00:38.901,0.7149,0.71513,1.00,1.00
2017.01.11 17:00:39.087,0.7149,0.71516,1.00,1.50
2017.01.11 17:00:39.603,0.71493,0.71516,1.00,1.00
2017.01.11 17:00:39.654,0.71491,0.71516,1.00,1.00
2017.01.11 17:00:40.152,0.71491,0.7151,1.00,1.00
2017.01.11 17:00:40.204,0.71494,0.71514,1.00,1.50
2017.01.11 17:00:40.306,0.71497,0.71516,1.00,1.00
2017.01.11 17:00:40.473,0.71495,0.7152,1.12,1.50
2017.01.11 17:00:40.641,0.71493,0.71518,1.00,1.00
2017.01.11 17:00:40.894,0.71489,0.71515,1.00,1.00
2017.01.11 17:00:40.945,0.71492,0.71515,1.00,1.00
2017.01.11 17:00:41.340,0.71494,0.71518,1.00,1.75
2017.01.11 17:00:41.615,0.71499,0.71522,1.00,1.12
2017.01.11 17:00:41.717,0.71496,0.71522,1.00,1.00
2017.01.11 17:00:41.767,0.71498,0.71522,1.00,1.00
2017.01.11 17:00:41.818,0.71496,0.71522,1.00,1.00
2017.01.11 17:00:41.869,0.71499,0.71524,1.00,1.12
2017.01.11 17:00:42.188,0.71503,0.71521,1.00,1.00
2017.01.11 17:00:42.238,0.71495,0.7152,1.37,1.00
2017.01.11 17:00:42.340,0.71494,0.7152,1.50,1.00
2017.01.11 17:00:42.390,0.71498,0.71521,1.00,1.00
2017.01.11 17:00:42.747,0.71498,0.71523,1.00,1.00
2017.01.11 17:00:42.849,0.71498,0.71521,1.00,1.00
2017.01.11 17:00:42.901,0.71495,0.71521,1.50,1.00
2017.01.11 17:00:43.003,0.71501,0.71525,1.00,1.00
2017.01.11 17:00:43.379,0.71509,0.71532,1.00,1.87
2017.01.11 17:00:43.431,0.71507,0.71531,1.00,1.00
2017.01.11 17:00:43.534,0.71505,0.71526,1.00,1.00
2017.01.11 17:00:43.687,0.71499,0.71524,1.37,1.00
2017.01.11 17:00:43.738,0.71499,0.71524,2.25,1.00
2017.01.11 17:00:43.789,0.71503,0.71529,1.50,1.50
2017.01.11 17:00:44.108,0.71505,0.71529,1.00,1.00
2017.01.11 17:00:44.639,0.71504,0.71529,1.00,1.00
2017.01.11 17:00:44.953,0.71509,0.71528,1.00,1.87
2017.01.11 17:00:45.005,0.71509,0.71529,1.00,1.00
2017.01.11 17:00:45.055,0.71504,0.71523,1.50,1.37
2017.01.11 17:00:45.258,0.715,0.71526,1.00,1.12
2017.01.11 17:00:45.392,0.715,0.71522,1.00,1.00
2017.01.11 17:00:45.733,0.71513,0.7153,1.00,1.00
2017.01.11 17:00:46.094,0.71517,0.71531,1.00,1.00
2017.01.11 17:00:46.258,0.71515,0.71531,1.00,1.00
2017.01.11 17:00:46.460,0.7151,0.71531,1.50,1.00
2017.01.11 17:00:46.714,0.71512,0.71531,1.00,1.00
2017.01.11 17:00:47.062,0.71514,0.71531,1.00,1.00
2017.01.11 17:00:47.364,0.71516,0.71531,1.00,1.00
2017.01.11 17:00:47.415,0.71514,0.71531,1.50,1.00
2017.01.11 17:00:47.667,0.71511,0.71531,1.00,1.00
2017.01.11 17:00:47.718,0.71513,0.71531,1.00,1.00
2017.01.11 17:00:47.976,0.71511,0.7153,1.00,1.00
2017.01.11 17:00:48.077,0.71509,0.71531,1.00,1.00
2017.01.11 17:00:48.226,0.71505,0.71531,1.00,1.87
2017.01.11 17:00:48.276,0.71504,0.71528,1.00,1.37
2017.01.11 17:00:48.635,0.71507,0.71527,1.00,1.00
2017.01.11 17:00:48.686,0.71508,0.7153,1.00,1.37
2017.01.11 17:00:48.790,0.71506,0.7153,1.00,1.12
2017.01.11 17:00:49.220,0.7151,0.71531,1.00,1.87
2017.01.11 17:00:49.322,0.71507,0.71531,1.00,1.87
2017.01.11 17:00:49.455,0.7151,0.71531,1.00,1.87
2017.01.11 17:00:49.556,0.71508,0.71531,1.00,2.62
2017.01.11 17:00:49.658,0.71509,0.71531,1.00,4.12
2017.01.11 17:00:49.709,0.71509,0.71531,1.00,2.25
2017.01.11 17:00:49.760,0.71507,0.71531,1.00,2.25
2017.01.11 17:00:49.812,0.71505,0.7153,1.00,1.12
2017.01.11 17:00:50.014,0.71507,0.71531,1.00,2.25
2017.01.11 17:00:50.343,0.71507,0.71526,1.00,1.00
2017.01.11 17:00:50.646,0.71505,0.71521,1.00,3.75
2017.01.11 17:00:50.849,0.71499,0.71519,1.00,3.00
2017.01.11 17:00:50.900,0.71492,0.71515,1.00,1.00
2017.01.11 17:00:50.951,0.71492,0.71513,1.00,1.00
2017.01.11 17:00:51.072,0.7149,0.71513,1.00,1.00
2017.01.11 17:00:51.289,0.71493,0.71517,1.00,1.50
2017.01.11 17:00:51.390,0.71492,0.71519,1.00,1.12
2017.01.11 17:00:51.441,0.71492,0.71515,1.00,1.87
2017.01.11 17:00:51.592,0.7149,0.71516,1.00,1.00
2017.01.11 17:00:51.643,0.71491,0.7152,1.00,1.75
2017.01.11 17:00:51.744,0.71492,0.71518,1.00,2.25
2017.01.11 17:00:52.059,0.7149,0.71518,1.00,1.50
2017.01.11 17:00:52.110,0.71493,0.71518,1.00,1.12
2017.01.11 17:00:52.364,0.71491,0.71518,1.00,1.12
2017.01.11 17:00:52.465,0.7149,0.71516,1.00,1.00
2017.01.11 17:00:52.667,0.71487,0.71515,1.00,1.00
2017.01.11 17:00:52.718,0.71489,0.71518,1.00,1.37
2017.01.11 17:00:52.969,0.71494,0.71522,1.00,1.12
2017.01.11 17:00:53.172,0.71494,0.71524,1.00,3.00
2017.01.11 17:00:53.273,0.71491,0.7152,1.00,1.12
2017.01.11 17:00:53.424,0.71495,0.7152,1.00,2.25
2017.01.11 17:00:53.475,0.71495,0.71522,1.00,1.37
2017.01.11 17:00:53.526,0.7149,0.7152,1.50,1.12
2017.01.11 17:00:53.678,0.7149,0.7152,1.00,1.37
2017.01.11 17:00:53.998,0.7149,0.71516,1.00,1.12
2017.01.11 17:00:54.301,0.7149,0.71511,1.00,1.00
2017.01.11 17:00:54.452,0.7149,0.71516,1.00,1.87
2017.01.11 17:00:54.538,0.7149,0.71516,1.00,1.87
2017.01.11 17:00:54.590,0.7149,0.71515,1.00,1.00
2017.01.11 17:00:54.692,0.71489,0.71512,1.00,1.00
2017.01.11 17:00:54.743,0.7149,0.71516,1.00,1.12
2017.01.11 17:00:54.794,0.71495,0.71517,1.00,1.00
2017.01.11 17:00:54.845,0.71489,0.71517,1.00,1.00
2017.01.11 17:00:54.896,0.71495,0.71517,1.00,1.00
2017.01.11 17:00:55.057,0.71499,0.71522,1.00,1.00
2017.01.11 17:00:55.134,0.71502,0.71518,1.00,1.00
2017.01.11 17:00:55.475,0.71499,0.71518,1.00,1.00
2017.01.11 17:00:55.526,0.71504,0.71518,1.00,1.00
2017.01.11 17:00:55.627,0.715,0.71518,1.00,1.00
2017.01.11 17:00:55.728,0.71509,0.71518,1.00,1.00
2017.01.11 17:00:55.830,0.71504,0.71517,1.00,1.00
2017.01.11 17:00:55.931,0.71505,0.71515,1.00,1.00
2017.01.11 17:00:56.110,0.715,0.71525,1.50,1.00
2017.01.11 17:00:56.161,0.71504,0.71526,1.00,1.00
2017.01.11 17:00:56.262,0.71505,0.71529,1.00,1.12
2017.01.11 17:00:56.364,0.7151,0.71529,1.00,1.12
2017.01.11 17:00:56.465,0.71508,0.71529,1.00,1.12
2017.01.11 17:00:56.516,0.71504,0.71529,1.00,1.50
2017.01.11 17:00:56.617,0.71508,0.71529,1.00,1.00
2017.01.11 17:00:56.921,0.71511,0.71531,1.00,1.00
2017.01.11 17:00:57.022,0.71504,0.71527,1.00,1.00
2017.01.11 17:00:57.224,0.71502,0.71527,1.00,1.12
2017.01.11 17:00:57.275,0.71506,0.71528,1.00,1.00
2017.01.11 17:00:57.615,0.71511,0.71535,1.00,1.12
2017.01.11 17:00:57.665,0.7151,0.71532,1.00,1.00
2017.01.11 17:00:57.819,0.71511,0.71535,1.00,1.00
2017.01.11 17:00:57.921,0.71516,0.71537,1.00,1.00
2017.01.11 17:00:58.368,0.71519,0.71536,1.00,1.50
2017.01.11 17:00:58.489,0.7151,0.71533,1.00,1.12
2017.01.11 17:00:58.590,0.71512,0.71533,1.00,1.00
2017.01.11 17:00:58.929,0.71509,0.7153,1.50,1.00
2017.01.11 17:00:59.242,0.71509,0.71532,1.00,1.75
2017.01.11 17:00:59.293,0.71509,0.71532,1.00,1.37
2017.01.11 17:00:59.495,0.71509,0.71526,1.00,1.00
2017.01.11 17:00:59.651,0.71509,0.71531,1.00,1.00
2017.01.11 17:00:59.702,0.71509,0.71529,1.00,1.37
2017.01.11 17:00:59.803,0.71509,0.71529,1.00,1.00
2017.01.11 17:00:59.955,0.71509,0.71531,1.00,1.00
2017.01.11 17:01:00.005,0.71509,0.7153,1.00,1.87
2017.01.11 17:01:00.106,0.71509,0.71529,1.00,1.12
2017.01.11 17:01:00.500,0.71503,0.71525,1.00,1.50
2017.01.11 17:01:00.551,0.71501,0.71526,1.00,1.50
2017.01.11 17:01:00.602,0.71501,0.71526,1.00,2.25
2017.01.11 17:01:01.008,0.71504,0.71526,1.00,1.37
2017.01.11 17:01:01.109,0.71504,0.71528,1.00,1.00
2017.01.11 17:01:01.163,0.71502,0.71527,1.00,1.00
2017.01.11 17:01:01.401,0.71504,0.71526,1.00,1.00
2017.01.11 17:01:01.656,0.71508,0.71532,1.00,1.00
2017.01.11 17:01:01.801,0.71504,0.71527,1.00,1.00
2017.01.11 17:01:01.852,0.71502,0.71527,1.00,1.00
2017.01.11 17:01:01.953,0.715,0.71525,1.12,1.00
2017.01.11 17:01:02.275,0.71498,0.71521,1.00,1.00
2017.01.11 17:01:02.326,0.71496,0.71521,1.00,1.00
2017.01.11 17:01:02.427,0.71494,0.71519,1.00,1.00
2017.01.11 17:01:02.730,0.71497,0.71521,1.50,1.00
2017.01.11 17:01:03.081,0.71486,0.7151,1.50,1.00
2017.01.11 17:01:03.385,0.71484,0.71507,1.37,1.00
2017.01.11 17:01:03.485,0.71479,0.71504,1.50,1.00
2017.01.11 17:01:03.989,0.7148,0.71504,1.00,1.00
2017.01.11 17:01:04.340,0.71489,0.71504,1.00,1.00
2017.01.11 17:01:04.493,0.71484,0.71504,1.00,1.00
2017.01.11 17:01:04.544,0.71494,0.71504,1.00,1.00
2017.01.11 17:01:04.595,0.71489,0.71504,1.00,1.00
2017.01.11 17:01:04.751,0.71484,0.71504,1.00,1.00
2017.01.11 17:01:04.802,0.71484,0.71498,1.00,1.00
2017.01.11 17:01:04.853,0.71484,0.71506,1.00,1.00
2017.01.11 17:01:04.954,0.7148,0.71506,1.87,1.00
2017.01.11 17:01:05.055,0.7148,0.71504,1.00,1.00
2017.01.11 17:01:05.157,0.7148,0.71506,1.00,1.12
2017.01.11 17:01:05.208,0.7148,0.71504,1.00,1.00
2017.01.11 17:01:05.562,0.71478,0.71501,1.00,1.00
2017.01.11 17:01:05.613,0.71476,0.71501,1.00,1.00
2017.01.11 17:01:05.664,0.7148,0.71501,1.00,1.00
2017.01.11 17:01:05.815,0.7148,0.71503,1.00,1.50
2017.01.11 17:01:05.866,0.71482,0.71505,1.00,2.25
2017.01.11 17:01:05.967,0.71478,0.71503,1.00,1.00
2017.01.11 17:01:06.068,0.71479,0.715,1.00,1.00
2017.01.11 17:01:06.119,0.71479,0.71502,1.00,1.00
2017.01.11 17:01:06.220,0.71484,0.71507,1.50,1.00
2017.01.11 17:01:06.506,0.71475,0.71499,1.00,1.00
2017.01.11 17:01:06.758,0.71475,0.71497,1.00,1.00
2017.01.11 17:01:06.809,0.71473,0.71496,1.00,1.00
2017.01.11 17:01:06.860,0.71469,0.7149,1.00,1.00
2017.01.11 17:01:06.962,0.71465,0.7149,1.00,1.00
2017.01.11 17:01:07.012,0.71467,0.71488,1.00,1.00
2017.01.11 17:01:07.114,0.71463,0.71485,1.00,1.00
2017.01.11 17:01:07.215,0.71463,0.71483,1.00,1.00
2017.01.11 17:01:07.374,0.71457,0.7148,1.00,1.00
2017.01.11 17:01:07.425,0.71459,0.7148,1.00,1.00
2017.01.11 17:01:07.526,0.71459,0.71482,1.00,1.00
2017.01.11 17:01:07.778,0.71456,0.71481,1.00,1.00
2017.01.11 17:01:07.902,0.71461,0.71483,1.00,1.00
2017.01.11 17:01:08.003,0.71454,0.71477,1.00,1.00
2017.01.11 17:01:08.263,0.71459,0.71476,1.00,1.00
2017.01.11 17:01:08.317,0.71462,0.71482,1.00,1.00
2017.01.11 17:01:08.418,0.71459,0.71481,1.00,1.00
2017.01.11 17:01:08.539,0.71457,0.7148,1.00,1.00
2017.01.11 17:01:08.640,0.71459,0.71484,1.50,1.00
2017.01.11 17:01:08.741,0.71464,0.71484,1.00,1.50
2017.01.11 17:01:08.842,0.71465,0.71488,1.00,1.00
2017.01.11 17:01:08.943,0.7147,0.71488,1.00,1.00
2017.01.11 17:01:09.090,0.71465,0.71488,1.50,1.00
2017.01.11 17:01:09.326,0.7147,0.71488,1.00,1.00
2017.01.11 17:01:09.388,0.71465,0.71488,1.50,1.00
2017.01.11 17:01:09.842,0.71468,0.71492,1.00,1.50
2017.01.11 17:01:10.042,0.71465,0.71489,1.00,1.00
2017.01.11 17:01:10.093,0.71469,0.71492,1.00,1.00
2017.01.11 17:01:10.245,0.71463,0.71487,1.00,1.00
2017.01.11 17:01:10.346,0.71461,0.71487,1.00,1.00
2017.01.11 17:01:10.479,0.71465,0.71489,1.00,1.00
2017.01.11 17:01:10.682,0.71467,0.71493,1.00,1.87
2017.01.11 17:01:10.926,0.71466,0.7149,1.00,2.25
2017.01.11 17:01:10.977,0.71464,0.7149,2.25,1.12
2017.01.11 17:01:11.078,0.71466,0.71492,1.00,1.50
2017.01.11 17:01:11.489,0.71465,0.7149,1.50,1.00
2017.01.11 17:01:11.791,0.71465,0.71487,1.00,1.00
2017.01.11 17:01:12.093,0.71472,0.71492,1.00,1.00
2017.01.11 17:01:12.396,0.71467,0.71492,1.00,1.00
2017.01.11 17:01:12.446,0.7147,0.71492,1.00,1.00
2017.01.11 17:01:12.497,0.71467,0.71492,1.00,1.00
2017.01.11 17:01:12.648,0.71465,0.71491,1.00,1.00
2017.01.11 17:01:12.854,0.71465,0.71489,1.00,1.00
2017.01.11 17:01:13.157,0.71468,0.71491,1.00,1.00
2017.01.11 17:01:13.431,0.71467,0.71493,1.00,1.00
2017.01.11 17:01:13.662,0.71466,0.71492,1.00,1.37
2017.01.11 17:01:13.980,0.71464,0.71489,1.00,1.00
2017.01.11 17:01:14.307,0.71463,0.71488,1.00,1.37
2017.01.11 17:01:14.610,0.71463,0.71484,1.00,2.25
2017.01.11 17:01:14.660,0.71463,0.71486,1.00,1.30
2017.01.11 17:01:14.827,0.71463,0.71489,1.00,1.37
2017.01.11 17:01:14.878,0.71463,0.71488,1.00,1.37
2017.01.11 17:01:14.979,0.71463,0.71489,1.00,1.87
2017.01.11 17:01:15.130,0.71465,0.71488,1.00,1.12
2017.01.11 17:01:15.181,0.71459,0.71485,2.25,1.12
2017.01.11 17:01:15.232,0.71459,0.71482,1.00,1.00
2017.01.11 17:01:15.591,0.71455,0.71481,1.50,1.00
2017.01.11 17:01:15.641,0.71458,0.71481,1.00,1.00
2017.01.11 17:01:15.945,0.71455,0.7148,1.00,1.00
2017.01.11 17:01:15.996,0.71459,0.71481,1.00,1.00
2017.01.11 17:01:16.199,0.71459,0.71484,1.00,1.50
2017.01.11 17:01:16.441,0.71454,0.71479,1.50,1.00
2017.01.11 17:01:16.745,0.71454,0.71473,1.00,1.00
2017.01.11 17:01:16.846,0.71456,0.71482,1.00,1.00
2017.01.11 17:01:16.949,0.71459,0.71482,1.00,1.00
2017.01.11 17:01:17.101,0.71456,0.71482,1.00,1.00
2017.01.11 17:01:17.202,0.71453,0.71477,1.00,1.00
2017.01.11 17:01:17.515,0.71453,0.71479,1.00,1.00
2017.01.11 17:01:17.720,0.71454,0.71475,1.00,1.00
2017.01.11 17:01:17.770,0.71451,0.71475,1.00,1.00
2017.01.11 17:01:17.872,0.71449,0.71471,1.00,1.00
2017.01.11 17:01:17.973,0.71449,0.71473,1.00,1.00
2017.01.11 17:01:18.124,0.71446,0.71471,1.00,1.00
2017.01.11 17:01:18.226,0.71452,0.71477,1.00,1.00
2017.01.11 17:01:18.573,0.71449,0.71471,1.00,1.00
2017.01.11 17:01:18.624,0.71452,0.71475,1.00,1.00
2017.01.11 17:01:18.776,0.7145,0.71473,1.50,1.00
2017.01.11 17:01:19.129,0.71459,0.71473,1.00,1.00
2017.01.11 17:01:19.326,0.71454,0.71473,1.50,1.00
2017.01.11 17:01:19.528,0.71452,0.71473,1.00,1.00
2017.01.11 17:01:19.579,0.71454,0.71476,1.00,1.00
2017.01.11 17:01:19.681,0.71457,0.71479,1.00,1.00
2017.01.11 17:01:19.782,0.7146,0.71485,1.00,1.00
2017.01.11 17:01:19.934,0.71459,0.7148,1.00,1.00
2017.01.11 17:01:20.035,0.71459,0.71483,1.00,1.00
2017.01.11 17:01:20.341,0.71462,0.71485,1.00,1.00
2017.01.11 17:01:20.519,0.7146,0.71485,1.00,1.00
2017.01.11 17:01:20.670,0.71465,0.71488,1.00,1.00
2017.01.11 17:01:20.721,0.71465,0.7149,1.00,1.50
2017.01.11 17:01:20.822,0.71461,0.71485,1.00,1.00
2017.01.11 17:01:20.924,0.71462,0.71488,1.00,1.00
2017.01.11 17:01:21.151,0.71466,0.71488,1.00,1.00
2017.01.11 17:01:21.303,0.71466,0.71492,1.00,1.00
2017.01.11 17:01:21.455,0.71461,0.71484,1.00,1.00
2017.01.11 17:01:21.554,0.71468,0.71493,1.00,1.00
2017.01.11 17:01:21.607,0.7147,0.71493,1.00,1.00
2017.01.11 17:01:21.657,0.71468,0.71493,1.50,1.00
2017.01.11 17:01:21.709,0.7147,0.71492,1.00,1.00
2017.01.11 17:01:21.810,0.71465,0.71489,1.50,1.00
2017.01.11 17:01:22.067,0.71469,0.71492,1.00,1.00
2017.01.11 17:01:22.320,0.71467,0.71491,1.00,1.00
2017.01.11 17:01:22.759,0.71469,0.71492,1.00,1.00
2017.01.11 17:01:22.962,0.71469,0.71494,1.50,1.00
2017.01.11 17:01:23.013,0.71473,0.71493,1.00,1.00
2017.01.11 17:01:23.064,0.7147,0.71493,1.50,1.00
2017.01.11 17:01:23.216,0.71467,0.71493,1.00,1.00
2017.01.11 17:01:23.266,0.71469,0.71494,1.50,1.00
2017.01.11 17:01:23.569,0.71472,0.71496,1.00,1.00
2017.01.11 17:01:23.619,0.71475,0.715,1.00,1.50
2017.01.11 17:01:23.871,0.71472,0.71497,1.00,1.00
2017.01.11 17:01:24.173,0.71474,0.71497,1.50,1.00
2017.01.11 17:01:24.325,0.71472,0.71497,1.00,1.00
2017.01.11 17:01:24.476,0.71475,0.71497,1.00,1.50
2017.01.11 17:01:24.527,0.71473,0.71496,1.00,1.00
2017.01.11 17:01:25.068,0.71472,0.71497,1.00,1.00
2017.01.11 17:01:25.220,0.71471,0.71492,1.00,1.00
2017.01.11 17:01:25.422,0.71471,0.71494,1.00,1.00
2017.01.11 17:01:25.574,0.71472,0.71492,1.00,1.00
2017.01.11 17:01:25.793,0.71467,0.71492,1.00,1.00
2017.01.11 17:01:25.844,0.71466,0.7149,1.50,1.00
2017.01.11 17:01:26.147,0.7147,0.71494,1.00,1.00
2017.01.11 17:01:26.322,0.71465,0.7149,2.25,1.00
2017.01.11 17:01:26.474,0.71466,0.71492,1.50,1.00
2017.01.11 17:01:26.620,0.71465,0.7149,1.00,1.50
2017.01.11 17:01:26.929,0.71464,0.71484,1.00,1.00
2017.01.11 17:01:27.131,0.71465,0.71487,1.00,1.00
2017.01.11 17:01:27.283,0.71462,0.71485,1.00,1.00
2017.01.11 17:01:27.385,0.71464,0.71485,1.00,1.00
2017.01.11 17:01:27.436,0.71465,0.7149,1.00,1.50
2017.01.11 17:01:27.799,0.7147,0.71487,1.00,1.00
2017.01.11 17:01:27.950,0.71469,0.7149,1.00,1.00
2017.01.11 17:01:28.001,0.71474,0.7149,1.00,1.00
2017.01.11 17:01:28.051,0.71469,0.71493,1.50,1.00
2017.01.11 17:01:28.102,0.71474,0.71493,1.00,1.00
2017.01.11 17:01:28.153,0.71469,0.71492,1.50,1.00
2017.01.11 17:01:28.306,0.71469,0.71488,1.00,1.00
2017.01.11 17:01:28.407,0.71474,0.71495,1.00,1.00
2017.01.11 17:01:28.478,0.71471,0.71495,1.00,1.00
2017.01.11 17:01:28.764,0.71475,0.715,1.00,1.50
2017.01.11 17:01:28.966,0.7147,0.71494,1.00,1.00
2017.01.11 17:01:29.419,0.71474,0.71494,1.00,1.00
2017.01.11 17:01:29.570,0.7147,0.71494,1.50,1.00
2017.01.11 17:01:29.829,0.71472,0.71494,1.00,1.00
2017.01.11 17:01:29.930,0.7147,0.71494,1.00,1.00
2017.01.11 17:01:29.981,0.71475,0.71494,1.00,1.00
2017.01.11 17:01:30.182,0.71475,0.71496,1.00,1.00
2017.01.11 17:01:30.283,0.71475,0.71498,1.00,1.00
2017.01.11 17:01:30.385,0.71473,0.71498,1.00,1.50
2017.01.11 17:01:30.435,0.71471,0.71493,1.00,1.00
2017.01.11 17:01:30.486,0.71469,0.71493,2.25,1.00
2017.01.11 17:01:30.638,0.71472,0.71492,1.00,1.00
2017.01.11 17:01:30.688,0.71472,0.71494,1.00,1.00
2017.01.11 17:01:30.739,0.7147,0.71494,1.00,1.00
2017.01.11 17:01:30.891,0.71469,0.71492,1.00,1.00
2017.01.11 17:01:31.360,0.71467,0.71492,1.50,1.00
2017.01.11 17:01:31.410,0.71467,0.7149,1.00,1.00
2017.01.11 17:01:31.461,0.71465,0.7149,1.50,1.00
2017.01.11 17:01:31.562,0.71474,0.71491,1.00,1.00
2017.01.11 17:01:31.663,0.71469,0.71491,1.00,1.00
2017.01.11 17:01:31.765,0.71464,0.71484,1.00,1.00
2017.01.11 17:01:31.929,0.71464,0.71488,1.00,1.00
2017.01.11 17:01:32.132,0.71467,0.71489,1.00,1.00
2017.01.11 17:01:32.234,0.71465,0.71488,1.50,1.00
2017.01.11 17:01:32.435,0.71465,0.71484,1.00,1.00
2017.01.11 17:01:32.536,0.7147,0.7149,1.00,1.00
2017.01.11 17:01:32.587,0.71467,0.7149,1.50,1.00
2017.01.11 17:01:32.687,0.71464,0.7149,2.25,1.00
2017.01.11 17:01:32.738,0.71466,0.7149,1.00,1.00
2017.01.11 17:01:33.088,0.71466,0.71487,1.00,1.00
2017.01.11 17:01:33.412,0.71469,0.71487,1.00,1.00
2017.01.11 17:01:33.478,0.71464,0.71486,1.00,1.00
2017.01.11 17:01:33.578,0.71464,0.71484,1.00,1.00
2017.01.11 17:01:34.218,0.71465,0.71484,1.00,1.00
2017.01.11 17:01:34.268,0.71462,0.71484,1.00,1.00
2017.01.11 17:01:34.319,0.71465,0.71484,1.00,1.00
2017.01.11 17:01:34.470,0.7146,0.71484,1.50,1.00
2017.01.11 17:01:34.572,0.71459,0.71487,1.00,1.00
2017.01.11 17:01:34.673,0.71456,0.71485,1.00,1.00
2017.01.11 17:01:34.724,0.71459,0.71486,1.00,1.00
2017.01.11 17:01:34.774,0.71457,0.71486,1.00,1.50
2017.01.11 17:01:34.876,0.7146,0.71485,1.50,1.00
2017.01.11 17:01:35.206,0.71457,0.7148,1.00,1.00
2017.01.11 17:01:35.509,0.7146,0.71486,1.50,1.00
2017.01.11 17:01:35.561,0.71462,0.71486,1.00,2.62
2017.01.11 17:01:35.662,0.71459,0.71482,1.00,1.00
2017.01.11 17:01:35.864,0.71454,0.71478,1.00,1.00
2017.01.11 17:01:36.088,0.71454,0.7148,1.50,1.00
2017.01.11 17:01:36.242,0.71457,0.71479,1.00,1.00
2017.01.11 17:01:36.343,0.71455,0.71479,1.50,1.00
2017.01.11 17:01:36.393,0.7146,0.71482,1.00,1.00
2017.01.11 17:01:36.495,0.71464,0.71489,1.00,1.12
2017.01.11 17:01:36.797,0.71462,0.71485,1.00,1.00
2017.01.11 17:01:37.168,0.71463,0.71487,1.00,1.00
2017.01.11 17:01:37.474,0.71465,0.71487,1.00,1.00
2017.01.11 17:01:37.526,0.71468,0.71494,1.00,1.50
2017.01.11 17:01:37.678,0.71465,0.71489,1.00,1.00
2017.01.11 17:01:37.996,0.71466,0.71491,1.00,1.00
2017.01.11 17:01:38.299,0.71468,0.71491,1.00,1.00
2017.01.11 17:01:38.552,0.71465,0.7149,1.50,1.00
2017.01.11 17:01:38.703,0.7146,0.71483,1.00,1.00
2017.01.11 17:01:39.051,0.71461,0.71487,1.00,1.00
2017.01.11 17:01:39.475,0.71461,0.71486,1.00,1.87
2017.01.11 17:01:39.823,0.71464,0.71487,1.00,1.00
2017.01.11 17:01:40.127,0.7147,0.71487,1.00,1.00
2017.01.11 17:01:40.278,0.71469,0.71489,1.00,1.50
2017.01.11 17:01:40.329,0.71472,0.71498,1.00,1.37
2017.01.11 17:01:40.480,0.7147,0.71494,1.00,1.00
2017.01.11 17:01:40.581,0.71476,0.71502,1.00,1.00
2017.01.11 17:01:40.781,0.71472,0.71496,1.00,1.00
2017.01.11 17:01:41.084,0.71467,0.71492,1.00,1.00
2017.01.11 17:01:41.235,0.71465,0.71489,1.00,1.00
2017.01.11 17:01:41.487,0.71466,0.71492,1.00,1.00
2017.01.11 17:01:41.851,0.71466,0.7149,1.00,1.00
2017.01.11 17:01:42.257,0.71464,0.71489,1.00,1.00
2017.01.11 17:01:42.358,0.71462,0.71488,1.00,1.00
2017.01.11 17:01:42.408,0.71465,0.71488,1.00,1.00
2017.01.11 17:01:42.459,0.71462,0.71488,1.00,1.00
2017.01.11 17:01:42.510,0.71461,0.71484,1.00,1.00
2017.01.11 17:01:42.756,0.71457,0.71483,1.50,1.00
2017.01.11 17:01:42.807,0.7146,0.71483,1.00,1.00
2017.01.11 17:01:42.908,0.71462,0.71487,1.00,1.00
2017.01.11 17:01:43.010,0.71461,0.71483,1.00,1.00
2017.01.11 17:01:43.166,0.71461,0.71486,1.00,1.00
2017.01.11 17:01:43.267,0.71464,0.71487,1.00,1.00
2017.01.11 17:01:43.570,0.7146,0.71482,1.00,1.00
2017.01.11 17:01:43.808,0.71454,0.71477,1.00,1.00
2017.01.11 17:01:44.615,0.71455,0.71477,1.00,1.00
2017.01.11 17:01:44.778,0.71459,0.71477,1.00,1.00
2017.01.11 17:01:44.980,0.71454,0.71477,1.00,1.00
2017.01.11 17:01:45.131,0.71452,0.71477,1.00,1.00
2017.01.11 17:01:45.233,0.71454,0.71477,1.00,1.00
2017.01.11 17:01:45.290,0.7145,0.71476,1.00,1.00
2017.01.11 17:01:45.340,0.71453,0.71479,1.00,1.00
2017.01.11 17:01:45.644,0.71446,0.71471,1.00,1.00
2017.01.11 17:01:45.946,0.7145,0.71474,1.00,1.00
2017.01.11 17:01:46.249,0.7145,0.71472,1.00,1.00
2017.01.11 17:01:46.578,0.71453,0.71473,1.00,1.00
2017.01.11 17:01:46.830,0.7145,0.71476,1.50,1.50
2017.01.11 17:01:46.881,0.71452,0.71476,1.00,1.50
2017.01.11 17:01:47.185,0.71455,0.71477,1.50,1.00
2017.01.11 17:01:47.236,0.71455,0.7148,2.25,1.00
2017.01.11 17:01:47.286,0.71457,0.7148,1.00,1.00
2017.01.11 17:01:47.645,0.71459,0.71485,1.00,1.00
2017.01.11 17:01:47.696,0.71459,0.7148,1.00,1.00
2017.01.11 17:01:47.747,0.71459,0.71484,1.50,1.00
2017.01.11 17:01:47.849,0.71458,0.7148,1.00,1.00
2017.01.11 17:01:48.000,0.71459,0.71483,1.00,1.00
2017.01.11 17:01:48.303,0.71465,0.71484,1.00,1.00
2017.01.11 17:01:48.354,0.71461,0.71484,1.00,1.00
2017.01.11 17:01:48.615,0.71461,0.71481,1.00,1.00
2017.01.11 17:01:48.918,0.71455,0.71478,1.50,1.00
2017.01.11 17:01:49.019,0.71459,0.71478,1.00,1.00
2017.01.11 17:01:49.120,0.71454,0.71478,1.50,1.00
2017.01.11 17:01:49.228,0.71456,0.71478,1.00,1.00
2017.01.11 17:01:49.278,0.71454,0.71478,1.50,1.00
2017.01.11 17:01:49.779,0.71453,0.71478,1.00,1.50
2017.01.11 17:01:49.930,0.7145,0.71473,1.00,1.00
2017.01.11 17:01:49.981,0.71451,0.71475,1.00,1.00
2017.01.11 17:01:50.082,0.71453,0.71475,1.00,1.00
2017.01.11 17:01:50.234,0.71451,0.71476,1.50,1.00
2017.01.11 17:01:50.743,0.71454,0.71477,1.00,1.00
2017.01.11 17:01:50.844,0.71455,0.71479,1.00,1.00
2017.01.11 17:01:50.895,0.71459,0.71479,1.00,1.00
2017.01.11 17:01:50.945,0.71454,0.71478,2.25,1.00
2017.01.11 17:01:51.046,0.71459,0.71478,1.00,1.00
2017.01.11 17:01:51.097,0.71461,0.71486,1.00,2.62
2017.01.11 17:01:51.218,0.71459,0.71483,1.00,1.00
2017.01.11 17:01:51.728,0.71459,0.71482,1.50,1.00
2017.01.11 17:01:51.779,0.7146,0.71485,1.00,1.00
2017.01.11 17:01:51.830,0.7146,0.71483,1.00,1.00
2017.01.11 17:01:52.133,0.71454,0.71474,1.00,1.00
2017.01.11 17:01:52.488,0.71451,0.71473,1.00,1.00
2017.01.11 17:01:52.636,0.7145,0.7147,1.00,1.00
2017.01.11 17:01:53.063,0.71448,0.71468,1.00,1.00
2017.01.11 17:01:53.113,0.71446,0.71468,1.00,1.00
2017.01.11 17:01:53.164,0.7145,0.71468,1.00,1.00
2017.01.11 17:01:53.215,0.7145,0.71471,1.00,1.00
2017.01.11 17:01:53.316,0.71453,0.71476,1.00,1.00
2017.01.11 17:01:53.366,0.71455,0.71476,1.00,1.00
2017.01.11 17:01:53.481,0.71449,0.71474,1.50,1.00
2017.01.11 17:01:53.727,0.71451,0.71474,1.00,1.00
2017.01.11 17:01:53.830,0.71454,0.71478,1.00,1.50
2017.01.11 17:01:54.335,0.71455,0.71478,1.00,1.50
2017.01.11 17:01:54.386,0.71453,0.71477,1.00,1.00
2017.01.11 17:01:54.437,0.71455,0.71477,1.00,1.00
2017.01.11 17:01:54.710,0.71455,0.7148,1.00,1.50
2017.01.11 17:01:54.761,0.71452,0.71475,1.00,1.00
2017.01.11 17:01:54.862,0.71448,0.71473,1.00,1.00
2017.01.11 17:01:55.013,0.71444,0.71466,1.00,1.00
2017.01.11 17:01:55.115,0.71447,0.71472,1.00,1.00
2017.01.11 17:01:55.216,0.7145,0.71472,1.00,1.00
2017.01.11 17:01:55.267,0.71449,0.71474,1.50,1.50
2017.01.11 17:01:55.368,0.71452,0.71474,1.00,1.00
2017.01.11 17:01:55.519,0.7145,0.71473,1.50,1.00
2017.01.11 17:01:55.677,0.71454,0.71479,1.00,1.00
2017.01.11 17:01:55.778,0.7145,0.71475,1.00,1.00
2017.01.11 17:01:56.080,0.71453,0.71476,1.00,1.00
2017.01.11 17:01:56.131,0.7145,0.71474,1.00,1.00
2017.01.11 17:01:56.233,0.71452,0.71477,1.00,1.00
2017.01.11 17:01:56.334,0.71454,0.71477,1.00,1.00
2017.01.11 17:01:56.386,0.71456,0.71481,1.00,1.00
2017.01.11 17:01:56.647,0.71458,0.71481,1.00,1.00
2017.01.11 17:01:56.949,0.71457,0.71479,1.00,1.00
2017.01.11 17:01:57.000,0.71457,0.71482,1.00,1.00
2017.01.11 17:01:57.152,0.71455,0.71478,1.00,1.00
2017.01.11 17:01:57.756,0.71458,0.71482,1.00,1.50
2017.01.11 17:01:57.807,0.71456,0.7148,1.00,1.00
2017.01.11 17:01:58.060,0.71453,0.71478,1.00,1.00
2017.01.11 17:01:58.161,0.71454,0.71476,1.00,1.00
2017.01.11 17:01:58.665,0.71455,0.71477,1.00,1.00
2017.01.11 17:01:59.178,0.71454,0.71476,1.00,1.00
2017.01.11 17:01:59.764,0.7145,0.71478,1.00,1.00
2017.01.11 17:01:59.816,0.71454,0.71474,1.00,1.00
2017.01.11 17:02:00.027,0.71455,0.71478,1.00,1.00
2017.01.11 17:02:00.080,0.7145,0.71475,1.00,1.00
2017.01.11 17:02:00.132,0.71454,0.71477,1.00,1.00
2017.01.11 17:02:00.289,0.71446,0.71471,1.00,1.00
2017.01.11 17:02:00.339,0.71449,0.71471,1.00,1.00
2017.01.11 17:02:00.441,0.71447,0.71471,1.00,1.00
2017.01.11 17:02:00.592,0.7145,0.7147,1.00,1.00
2017.01.11 17:02:00.643,0.71445,0.7147,1.50,1.50
2017.01.11 17:02:00.765,0.71445,0.71468,1.00,1.00
2017.01.11 17:02:01.170,0.71449,0.71469,1.00,1.00
2017.01.11 17:02:01.271,0.71446,0.71471,1.00,1.50
2017.01.11 17:02:01.422,0.71449,0.71471,1.00,1.00
2017.01.11 17:02:01.523,0.71449,0.71473,1.50,1.00
2017.01.11 17:02:01.674,0.71449,0.71471,1.00,1.00
2017.01.11 17:02:01.850,0.71447,0.71472,1.00,1.50
2017.01.11 17:02:02.358,0.71445,0.7147,1.00,1.00
2017.01.11 17:02:02.810,0.71448,0.7147,1.00,1.00
2017.01.11 17:02:03.022,0.71444,0.71469,1.50,1.00
2017.01.11 17:02:03.073,0.71446,0.7147,1.00,1.00
2017.01.11 17:02:03.426,0.71445,0.71468,1.50,1.00
2017.01.11 17:02:03.730,0.71449,0.71472,1.00,1.00
2017.01.11 17:02:04.048,0.71446,0.71469,1.00,1.00
2017.01.11 17:02:04.430,0.71449,0.71469,1.00,1.00
2017.01.11 17:02:04.733,0.71454,0.71467,1.00,1.00
2017.01.11 17:02:04.985,0.71454,0.71477,1.50,1.50
2017.01.11 17:02:05.447,0.71455,0.71479,1.50,1.00
2017.01.11 17:02:05.498,0.71457,0.71479,1.00,1.50
2017.01.11 17:02:05.650,0.7145,0.71475,1.50,1.50
2017.01.11 17:02:05.752,0.71452,0.71471,1.00,1.00
2017.01.11 17:02:05.854,0.7145,0.7147,1.00,1.00
2017.01.11 17:02:06.005,0.71448,0.7147,1.00,1.00
2017.01.11 17:02:06.107,0.71444,0.71469,1.50,1.00
2017.01.11 17:02:06.249,0.71446,0.71471,1.00,1.00
2017.01.11 17:02:06.603,0.71451,0.71471,1.00,1.00
2017.01.11 17:02:06.705,0.71451,0.71473,1.00,1.00
2017.01.11 17:02:06.756,0.71448,0.71473,1.00,1.50
2017.01.11 17:02:06.907,0.71447,0.7147,1.00,1.00
2017.01.11 17:02:07.135,0.71447,0.71472,1.00,1.00
2017.01.11 17:02:07.236,0.71449,0.71473,1.00,1.50
2017.01.11 17:02:07.541,0.71454,0.71472,1.00,1.00
2017.01.11 17:02:07.592,0.71457,0.71477,1.00,1.00
2017.01.11 17:02:07.693,0.71457,0.7148,1.00,1.12
2017.01.11 17:02:07.795,0.71454,0.71477,1.50,1.00
2017.01.11 17:02:08.054,0.71456,0.7148,1.00,1.00
2017.01.11 17:02:08.413,0.71454,0.71479,1.50,1.00
2017.01.11 17:02:08.583,0.71457,0.7148,1.00,1.50
2017.01.11 17:02:08.909,0.71459,0.7148,1.00,1.50
2017.01.11 17:02:08.959,0.71455,0.7148,1.00,1.50
2017.01.11 17:02:09.369,0.71455,0.71478,1.00,1.00
2017.01.11 17:02:09.873,0.71454,0.71472,1.00,1.00
2017.01.11 17:02:09.975,0.71455,0.7148,1.00,1.00
2017.01.11 17:02:10.207,0.71454,0.71478,1.00,1.00
2017.01.11 17:02:10.258,0.71451,0.71476,1.00,1.00
2017.01.11 17:02:10.460,0.71455,0.71476,1.00,1.00
2017.01.11 17:02:10.510,0.71455,0.7148,1.50,1.00
2017.01.11 17:02:10.612,0.71455,0.71478,1.50,1.00
2017.01.11 17:02:10.763,0.71459,0.71483,1.50,1.00
2017.01.11 17:02:10.965,0.71459,0.7148,1.00,1.00
2017.01.11 17:02:11.275,0.71455,0.7148,1.00,1.00
2017.01.11 17:02:11.461,0.71455,0.71475,1.00,1.00
2017.01.11 17:02:11.767,0.71454,0.71473,1.00,1.00
2017.01.11 17:02:11.818,0.71449,0.71473,1.00,1.00
2017.01.11 17:02:11.919,0.7145,0.71475,1.00,1.00
2017.01.11 17:02:11.969,0.71453,0.71476,1.00,1.00
2017.01.11 17:02:12.121,0.71453,0.71478,1.00,1.50
2017.01.11 17:02:12.482,0.71455,0.71474,1.00,1.00
2017.01.11 17:02:12.533,0.71449,0.71473,1.00,1.00
2017.01.11 17:02:12.634,0.71452,0.71475,1.00,1.00
2017.01.11 17:02:13.089,0.71453,0.71478,1.00,1.00
2017.01.11 17:02:13.500,0.7145,0.71475,1.00,1.50
2017.01.11 17:02:13.810,0.71454,0.7147,1.00,1.00
2017.01.11 17:02:13.861,0.71454,0.71478,1.00,1.00
2017.01.11 17:02:14.363,0.71453,0.71478,1.00,1.00
2017.01.11 17:02:14.837,0.71455,0.71478,1.00,1.50
2017.01.11 17:02:15.202,0.71455,0.71476,1.00,1.00
2017.01.11 17:02:15.635,0.71454,0.71479,1.50,1.50
2017.01.11 17:02:15.899,0.71453,0.71477,1.00,1.00
2017.01.11 17:02:16.237,0.71455,0.71477,1.00,1.00
2017.01.11 17:02:16.433,0.71451,0.71476,1.00,1.00
2017.01.11 17:02:16.484,0.71455,0.71476,1.00,1.00
2017.01.11 17:02:16.535,0.71451,0.71474,1.00,1.00
2017.01.11 17:02:16.636,0.71452,0.71476,1.00,1.00
2017.01.11 17:02:16.787,0.71449,0.71473,1.00,1.50
2017.01.11 17:02:17.210,0.7145,0.71469,1.00,1.00
2017.01.11 17:02:17.312,0.71449,0.71473,1.50,1.50
2017.01.11 17:02:17.862,0.71449,0.71474,1.50,1.00
2017.01.11 17:02:18.115,0.71449,0.71469,1.00,1.00
2017.01.11 17:02:18.329,0.7145,0.71471,1.00,1.00
2017.01.11 17:02:18.632,0.71449,0.71469,1.00,1.00
2017.01.11 17:02:18.682,0.71445,0.71469,1.00,1.00
2017.01.11 17:02:18.733,0.71449,0.71471,1.00,1.00
2017.01.11 17:02:18.834,0.71446,0.71471,1.00,1.00
2017.01.11 17:02:18.884,0.7145,0.71471,1.00,1.00
2017.01.11 17:02:19.149,0.71447,0.71469,1.00,1.00
2017.01.11 17:02:19.200,0.71449,0.71469,1.00,1.00
2017.01.11 17:02:19.251,0.71447,0.71469,1.00,1.00
2017.01.11 17:02:19.553,0.71449,0.71469,1.00,1.00
2017.01.11 17:02:19.654,0.71447,0.71469,1.00,1.00
2017.01.11 17:02:19.856,0.71449,0.71469,1.00,1.00
2017.01.11 17:02:20.202,0.71455,0.71478,1.00,1.00
2017.01.11 17:02:20.715,0.71452,0.71477,1.00,1.00
2017.01.11 17:02:20.866,0.7145,0.71472,1.00,1.00
2017.01.11 17:02:21.119,0.7145,0.71474,1.00,1.00
2017.01.11 17:02:21.220,0.71452,0.71477,1.00,1.00
2017.01.11 17:02:21.406,0.71454,0.71479,1.00,1.00
2017.01.11 17:02:21.713,0.7145,0.71475,1.00,1.00
2017.01.11 17:02:22.016,0.71455,0.7148,1.00,1.87
2017.01.11 17:02:22.393,0.71454,0.71476,1.00,1.00
2017.01.11 17:02:22.495,0.71456,0.71479,1.00,1.00
2017.01.11 17:02:22.646,0.71454,0.71477,1.00,1.50
2017.01.11 17:02:22.955,0.7145,0.71472,1.00,1.00
2017.01.11 17:02:23.056,0.71446,0.7147,1.00,1.35
2017.01.11 17:02:23.157,0.71444,0.71463,1.00,1.00
2017.01.11 17:02:23.259,0.71439,0.71463,1.00,1.00
2017.01.11 17:02:23.309,0.71444,0.71466,1.00,1.00
2017.01.11 17:02:23.360,0.71441,0.71466,1.00,1.00
2017.01.11 17:02:23.597,0.71444,0.71464,1.00,1.00
2017.01.11 17:02:23.648,0.7144,0.71463,1.00,1.00
2017.01.11 17:02:23.900,0.7144,0.71461,1.00,1.00
2017.01.11 17:02:24.152,0.71437,0.71461,1.50,1.00
2017.01.11 17:02:24.251,0.7144,0.71461,1.00,1.00
2017.01.11 17:02:24.763,0.71442,0.71467,1.00,1.00
2017.01.11 17:02:24.814,0.71444,0.71469,1.50,1.50
2017.01.11 17:02:25.117,0.71445,0.71467,1.00,1.00
2017.01.11 17:02:25.471,0.71443,0.71466,1.00,1.50
2017.01.11 17:02:25.521,0.7144,0.71461,1.00,1.00
2017.01.11 17:02:25.622,0.7144,0.71463,1.00,1.00
2017.01.11 17:02:25.831,0.7144,0.71465,1.00,1.00
2017.01.11 17:02:25.933,0.71442,0.71465,1.00,1.00
2017.01.11 17:02:26.189,0.71439,0.71463,1.00,1.50
2017.01.11 17:02:26.437,0.71439,0.71461,1.00,1.00
2017.01.11 17:02:26.960,0.71444,0.71463,1.00,1.00
2017.01.11 17:02:27.010,0.7144,0.71463,1.00,1.00
2017.01.11 17:02:27.061,0.71441,0.71465,1.00,1.50
2017.01.11 17:02:27.163,0.71444,0.71465,1.00,1.00
2017.01.11 17:02:27.264,0.71442,0.71464,1.00,1.00
2017.01.11 17:02:27.314,0.71445,0.71465,1.00,1.00
2017.01.11 17:02:27.466,0.71444,0.71467,1.00,1.00
2017.01.11 17:02:27.993,0.71444,0.71468,1.50,1.00
2017.01.11 17:02:28.245,0.71446,0.71468,1.00,1.00
2017.01.11 17:02:28.817,0.71447,0.71468,1.00,1.00
2017.01.11 17:02:28.918,0.71444,0.71468,2.25,1.00
2017.01.11 17:02:29.077,0.71449,0.71469,1.00,1.00
2017.01.11 17:02:29.128,0.71447,0.71469,1.00,1.00
2017.01.11 17:02:29.256,0.71444,0.71469,2.25,1.00
2017.01.11 17:02:29.306,0.71449,0.71469,1.00,1.00
2017.01.11 17:02:29.357,0.71445,0.71469,1.00,1.00
2017.01.11 17:02:29.508,0.71447,0.7147,1.00,1.00
2017.01.11 17:02:29.865,0.7145,0.71472,1.00,1.00
2017.01.11 17:02:30.395,0.71451,0.71473,1.00,1.00
2017.01.11 17:02:30.697,0.71449,0.71473,1.50,1.00
2017.01.11 17:02:30.929,0.71448,0.71471,1.50,1.00
2017.01.11 17:02:30.979,0.71449,0.71474,1.00,1.00
2017.01.11 17:02:31.206,0.71449,0.71472,1.50,1.00
2017.01.11 17:02:31.549,0.71454,0.71472,1.00,1.00
2017.01.11 17:02:31.600,0.7145,0.71472,1.00,1.00
2017.01.11 17:02:31.853,0.71449,0.71466,1.00,1.00
2017.01.11 17:02:32.026,0.71444,0.71466,1.00,1.00
2017.01.11 17:02:32.196,0.71445,0.71468,1.00,1.00
2017.01.11 17:02:32.297,0.71448,0.71468,1.00,1.00
2017.01.11 17:02:32.347,0.71448,0.71471,1.00,1.50
2017.01.11 17:02:32.499,0.71449,0.71468,1.00,1.00
2017.01.11 17:02:32.549,0.71445,0.71468,1.00,1.00
2017.01.11 17:02:32.813,0.71444,0.71466,1.00,1.50
2017.01.11 17:02:33.055,0.71444,0.71468,1.00,1.00
2017.01.11 17:02:33.156,0.71447,0.7147,1.00,1.00
2017.01.11 17:02:33.562,0.7145,0.7147,1.00,1.00
2017.01.11 17:02:33.826,0.71444,0.71468,1.00,1.00
2017.01.11 17:02:34.043,0.71441,0.71464,1.50,1.00
2017.01.11 17:02:34.386,0.71441,0.7146,1.00,1.00
2017.01.11 17:02:34.438,0.71441,0.71462,1.00,1.00
2017.01.11 17:02:34.489,0.71439,0.71461,1.00,1.00
2017.01.11 17:02:34.693,0.71439,0.71459,1.00,1.00
2017.01.11 17:02:34.794,0.71436,0.71459,1.00,1.50
2017.01.11 17:02:34.947,0.7144,0.71459,1.00,1.00
2017.01.11 17:02:34.998,0.71436,0.71458,1.00,1.00
2017.01.11 17:02:35.158,0.71439,0.71458,1.00,1.00
2017.01.11 17:02:35.209,0.71439,0.7146,1.00,1.00
2017.01.11 17:02:35.311,0.71439,0.71464,1.50,1.00
2017.01.11 17:02:35.463,0.71439,0.71462,1.50,1.00
2017.01.11 17:02:35.647,0.71441,0.71465,1.00,1.00
2017.01.11 17:02:35.798,0.71444,0.71468,1.00,1.00
2017.01.11 17:02:36.115,0.71446,0.71468,1.00,1.00
2017.01.11 17:02:36.330,0.71446,0.71471,1.00,1.00
2017.01.11 17:02:36.482,0.71446,0.71469,1.00,1.50
2017.01.11 17:02:36.785,0.71449,0.7147,1.00,1.00
2017.01.11 17:02:37.144,0.71445,0.7147,2.25,1.00
2017.01.11 17:02:37.428,0.71449,0.71472,1.50,1.00
2017.01.11 17:02:37.730,0.71449,0.71474,1.50,1.00
2017.01.11 17:02:37.781,0.71452,0.71475,1.00,1.50
2017.01.11 17:02:37.983,0.71453,0.71477,1.00,1.50
2017.01.11 17:02:38.290,0.71451,0.71476,1.50,1.00
2017.01.11 17:02:38.394,0.71451,0.71474,1.00,1.00
2017.01.11 17:02:38.495,0.71449,0.71474,1.00,1.00
2017.01.11 17:02:38.747,0.71453,0.71477,1.00,1.50
2017.01.11 17:02:38.963,0.71451,0.71476,1.00,1.00
2017.01.11 17:02:39.064,0.71454,0.71476,1.00,1.00
2017.01.11 17:02:39.261,0.71451,0.71476,1.00,1.00
2017.01.11 17:02:39.381,0.71454,0.71476,1.00,1.00
2017.01.11 17:02:39.734,0.71451,0.71476,1.00,1.00
2017.01.11 17:02:39.785,0.71455,0.71476,1.00,1.00
2017.01.11 17:02:39.836,0.71456,0.71479,1.00,1.00
2017.01.11 17:02:39.987,0.71456,0.71481,1.00,1.00
2017.01.11 17:02:40.191,0.71459,0.71484,1.00,1.50
2017.01.11 17:02:40.494,0.71459,0.71482,1.00,1.00
2017.01.11 17:02:40.545,0.71459,0.71484,1.00,1.00
2017.01.11 17:02:40.747,0.71457,0.71482,1.00,1.50
2017.01.11 17:02:41.078,0.7145,0.71472,1.00,1.00
2017.01.11 17:02:41.147,0.71451,0.71476,1.00,1.00
2017.01.11 17:02:41.198,0.71454,0.71476,1.00,1.00
2017.01.11 17:02:41.294,0.71455,0.71478,1.00,1.00
2017.01.11 17:02:41.361,0.71456,0.71481,1.00,1.50
2017.01.11 17:02:41.513,0.71455,0.71479,1.50,1.00
2017.01.11 17:02:41.859,0.71459,0.71484,1.00,1.00
2017.01.11 17:02:41.910,0.71458,0.71481,1.00,1.00
2017.01.11 17:02:42.162,0.71459,0.71483,1.00,1.50
2017.01.11 17:02:42.465,0.71457,0.71482,1.00,1.00
2017.01.11 17:02:42.516,0.7146,0.7148,1.00,1.00
2017.01.11 17:02:42.566,0.71457,0.7148,1.00,1.00
2017.01.11 17:02:42.743,0.71459,0.7148,1.00,1.00
2017.01.11 17:02:42.845,0.7146,0.71483,1.00,1.00
2017.01.11 17:02:42.895,0.71459,0.7148,1.00,1.00
2017.01.11 17:02:42.946,0.71456,0.7148,1.00,1.00
2017.01.11 17:02:43.097,0.71459,0.7148,1.00,1.00
2017.01.11 17:02:43.400,0.7146,0.71483,1.00,1.00
2017.01.11 17:02:43.532,0.71459,0.71481,1.00,1.00
2017.01.11 17:02:43.863,0.71456,0.71479,1.00,1.00
2017.01.11 17:02:43.914,0.7146,0.71476,1.00,1.00
2017.01.11 17:02:43.964,0.71454,0.71476,1.50,1.00
2017.01.11 17:02:44.073,0.71459,0.71476,1.00,1.00
2017.01.11 17:02:44.564,0.71455,0.71476,1.00,1.00
2017.01.11 17:02:44.716,0.71453,0.71476,1.00,1.50
2017.01.11 17:02:44.955,0.71453,0.71474,1.00,1.00
2017.01.11 17:02:45.057,0.71453,0.71476,1.00,1.00
2017.01.11 17:02:45.360,0.71458,0.71477,1.00,1.00
2017.01.11 17:02:45.410,0.71454,0.71474,1.00,1.00
2017.01.11 17:02:45.461,0.71455,0.71477,1.00,1.50
2017.01.11 17:02:45.817,0.71451,0.71476,1.00,1.00
2017.01.11 17:02:45.977,0.7145,0.71473,1.00,1.00
2017.01.11 17:02:46.195,0.7145,0.71475,1.50,1.50
2017.01.11 17:02:46.447,0.7145,0.71473,1.00,1.00
2017.01.11 17:02:46.832,0.71446,0.71469,1.00,1.00
2017.01.11 17:02:47.085,0.71444,0.71469,2.25,1.00
2017.01.11 17:02:47.287,0.71444,0.71467,1.50,1.00
2017.01.11 17:02:47.690,0.71445,0.71464,1.00,1.00
2017.01.11 17:02:47.902,0.71444,0.71468,1.00,1.12
2017.01.11 17:02:48.205,0.71441,0.71463,1.00,1.00
2017.01.11 17:02:48.518,0.71439,0.7146,1.00,1.00
2017.01.11 17:02:48.719,0.71435,0.71459,1.00,1.00
2017.01.11 17:02:48.820,0.71435,0.71457,1.00,1.00
2017.01.11 17:02:49.232,0.7144,0.71456,1.00,1.00
2017.01.11 17:02:49.545,0.71444,0.71456,1.00,1.00
2017.01.11 17:02:49.696,0.71439,0.71456,1.00,1.00
2017.01.11 17:02:49.969,0.71444,0.71456,1.00,1.00
2017.01.11 17:02:50.022,0.7144,0.71463,1.00,1.00
2017.01.11 17:02:50.123,0.71443,0.71468,1.00,1.50
2017.01.11 17:02:50.224,0.71441,0.71466,1.00,1.50
2017.01.11 17:02:50.536,0.71444,0.71463,1.00,1.00
2017.01.11 17:02:50.688,0.71445,0.71465,1.00,1.00
2017.01.11 17:02:51.201,0.71444,0.71465,1.00,1.00
2017.01.11 17:02:51.390,0.71442,0.71467,1.00,1.00
2017.01.11 17:02:51.441,0.71445,0.71467,1.00,1.00
2017.01.11 17:02:51.642,0.71443,0.71468,1.00,1.00
2017.01.11 17:02:51.794,0.71444,0.71465,1.00,1.00
2017.01.11 17:02:52.165,0.71444,0.71463,1.00,1.00
2017.01.11 17:02:52.417,0.71439,0.71464,1.00,1.00
2017.01.11 17:02:52.699,0.71444,0.71465,1.00,1.50
2017.01.11 17:02:53.030,0.71439,0.71459,1.00,1.00
2017.01.11 17:02:53.331,0.71445,0.71461,1.00,1.00
2017.01.11 17:02:53.432,0.71445,0.71465,1.00,1.00
2017.01.11 17:02:54.112,0.71444,0.71465,1.00,1.50
2017.01.11 17:02:54.620,0.71445,0.71465,1.00,1.00
2017.01.11 17:02:54.771,0.71445,0.71468,1.00,1.00
2017.01.11 17:02:54.822,0.71445,0.71466,1.00,1.00
2017.01.11 17:02:55.268,0.71444,0.71468,1.00,1.00
2017.01.11 17:02:55.447,0.71444,0.71466,1.00,1.00
2017.01.11 17:02:56.000,0.71444,0.71465,1.00,1.00
2017.01.11 17:02:56.662,0.71441,0.71464,1.00,1.00
2017.01.11 17:02:56.713,0.71444,0.71464,1.00,1.00
2017.01.11 17:02:56.955,0.71441,0.71465,1.50,1.50
2017.01.11 17:02:57.084,0.71441,0.71463,1.00,1.00
2017.01.11 17:02:57.293,0.71439,0.71463,1.50,1.00
2017.01.11 17:02:57.452,0.71444,0.71463,1.00,1.00
2017.01.11 17:02:57.820,0.71439,0.71463,1.50,1.00
2017.01.11 17:02:58.228,0.71444,0.71463,1.00,1.00
2017.01.11 17:02:58.488,0.71441,0.71464,1.00,1.00
2017.01.11 17:02:58.640,0.71444,0.71464,1.00,1.00
2017.01.11 17:02:58.792,0.71445,0.71466,1.00,1.00
2017.01.11 17:02:58.893,0.71445,0.71469,1.00,1.50
2017.01.11 17:02:59.002,0.71444,0.71467,1.00,1.00
2017.01.11 17:02:59.664,0.71444,0.71466,1.00,1.50
2017.01.11 17:03:00.038,0.71445,0.71469,1.00,1.00
2017.01.11 17:03:00.240,0.71449,0.71468,1.50,1.00
2017.01.11 17:03:00.291,0.71446,0.71468,1.00,1.00
2017.01.11 17:03:00.341,0.71449,0.7147,1.00,1.00
2017.01.11 17:03:00.572,0.71447,0.71471,1.00,1.00
2017.01.11 17:03:00.623,0.71446,0.71469,1.00,1.00
2017.01.11 17:03:00.926,0.7145,0.71467,1.00,1.00
2017.01.11 17:03:00.976,0.7145,0.71469,1.00,1.00
2017.01.11 17:03:01.028,0.71449,0.71471,1.00,1.50
2017.01.11 17:03:01.129,0.71455,0.71472,1.00,1.00
2017.01.11 17:03:01.180,0.71449,0.71472,1.00,1.00
2017.01.11 17:03:01.502,0.71454,0.71474,1.00,1.00
2017.01.11 17:03:01.552,0.71451,0.71474,1.00,1.00
2017.01.11 17:03:01.603,0.71449,0.71474,2.25,1.00
2017.01.11 17:03:01.654,0.71454,0.71474,1.00,1.00
2017.01.11 17:03:01.805,0.71449,0.7147,1.00,1.50
2017.01.11 17:03:01.856,0.71446,0.71468,1.00,1.50
2017.01.11 17:03:01.957,0.71449,0.71468,1.00,1.50
2017.01.11 17:03:02.159,0.71445,0.71468,1.50,1.50
2017.01.11 17:03:02.522,0.71441,0.71466,1.50,1.00
2017.01.11 17:03:02.674,0.71444,0.71463,1.00,1.00
2017.01.11 17:03:02.725,0.71439,0.71463,1.00,1.00
2017.01.11 17:03:02.776,0.71441,0.71462,1.00,1.00
2017.01.11 17:03:02.927,0.71444,0.71468,1.00,1.00
2017.01.11 17:03:03.179,0.71444,0.71466,1.00,1.00
2017.01.11 17:03:03.680,0.71442,0.71465,1.00,1.00
2017.01.11 17:03:03.731,0.71445,0.71466,1.00,1.00
2017.01.11 17:03:03.832,0.71445,0.71469,1.00,1.00
2017.01.11 17:03:04.433,0.71445,0.71468,1.00,1.00
2017.01.11 17:03:04.734,0.71445,0.7147,1.00,1.00
2017.01.11 17:03:05.265,0.7145,0.71469,1.00,1.00
2017.01.11 17:03:05.366,0.71449,0.71473,1.00,1.00
2017.01.11 17:03:05.517,0.71449,0.7147,1.00,1.00
2017.01.11 17:03:05.725,0.71446,0.7147,1.00,1.00
2017.01.11 17:03:05.776,0.71445,0.71468,1.00,1.00
2017.01.11 17:03:05.927,0.71446,0.7147,1.00,1.00
2017.01.11 17:03:06.011,0.71444,0.71469,1.50,1.00
2017.01.11 17:03:06.320,0.71444,0.71467,2.25,1.00
2017.01.11 17:03:06.622,0.71449,0.7147,1.00,1.00
2017.01.11 17:03:06.839,0.71445,0.71469,1.50,1.00
2017.01.11 17:03:07.134,0.71449,0.71468,1.00,1.00
2017.01.11 17:03:07.285,0.71449,0.71471,1.00,1.00
2017.01.11 17:03:07.336,0.71449,0.71469,1.00,1.00
2017.01.11 17:03:07.538,0.71445,0.71468,1.00,1.00
2017.01.11 17:03:07.639,0.71444,0.71465,1.00,1.00
2017.01.11 17:03:07.964,0.71444,0.7147,2.25,1.00
2017.01.11 17:03:08.065,0.71449,0.71469,1.00,1.00
2017.01.11 17:03:08.166,0.71444,0.71467,2.25,1.00
2017.01.11 17:03:08.267,0.71449,0.71467,1.00,1.00
2017.01.11 17:03:08.318,0.71445,0.71471,1.50,1.00
2017.01.11 17:03:08.470,0.71445,0.71466,1.00,1.00
2017.01.11 17:03:08.806,0.71441,0.71466,1.50,1.00
2017.01.11 17:03:08.857,0.71445,0.71467,1.00,1.50
2017.01.11 17:03:09.161,0.71441,0.71467,1.00,1.50
2017.01.11 17:03:09.212,0.71444,0.71467,1.00,1.50
2017.01.11 17:03:09.537,0.71441,0.71465,1.00,1.00
2017.01.11 17:03:09.741,0.71439,0.71464,1.00,1.00
2017.01.11 17:03:09.845,0.71443,0.71464,1.00,1.00
2017.01.11 17:03:09.896,0.71435,0.71459,1.00,1.00
2017.01.11 17:03:09.998,0.7144,0.71459,1.00,1.00
2017.01.11 17:03:10.048,0.7144,0.71461,1.00,1.50
2017.01.11 17:03:10.149,0.7144,0.71459,1.00,1.00
2017.01.11 17:03:10.301,0.71439,0.71462,1.00,1.50
2017.01.11 17:03:10.959,0.71444,0.7146,1.00,1.00
2017.01.11 17:03:11.009,0.71439,0.7146,1.00,1.00
2017.01.11 17:03:11.060,0.71439,0.71463,1.00,1.50
2017.01.11 17:03:11.312,0.71439,0.7146,1.00,1.00
2017.01.11 17:03:11.464,0.71435,0.71458,1.00,1.00
2017.01.11 17:03:11.845,0.71439,0.71461,1.00,1.00
2017.01.11 17:03:12.208,0.71436,0.7146,1.00,1.00
2017.01.11 17:03:12.309,0.71439,0.7146,1.00,1.00
2017.01.11 17:03:12.563,0.71432,0.71457,1.50,1.00
2017.01.11 17:03:12.714,0.71431,0.71455,1.00,1.00
2017.01.11 17:03:13.236,0.71435,0.71455,1.00,1.00
2017.01.11 17:03:13.287,0.71435,0.71459,1.50,1.00
2017.01.11 17:03:13.606,0.71438,0.71459,1.00,1.00
2017.01.11 17:03:13.657,0.71439,0.71462,1.00,1.00
2017.01.11 17:03:13.814,0.7144,0.7146,1.00,1.00
2017.01.11 17:03:13.915,0.71435,0.71456,1.00,1.00
2017.01.11 17:03:14.175,0.71435,0.71458,1.00,1.00
2017.01.11 17:03:14.655,0.71434,0.71455,1.50,1.00
2017.01.11 17:03:15.059,0.71432,0.71455,1.00,1.00
2017.01.11 17:03:15.325,0.71435,0.71456,1.00,1.00
2017.01.11 17:03:15.578,0.71432,0.71456,1.00,1.00
2017.01.11 17:03:15.629,0.71435,0.71456,1.00,1.00
2017.01.11 17:03:15.831,0.71434,0.71458,1.00,1.50
2017.01.11 17:03:16.131,0.71429,0.71452,2.25,1.00
2017.01.11 17:03:16.232,0.7143,0.71454,1.00,1.50
2017.01.11 17:03:16.643,0.71434,0.71454,1.00,1.50
2017.01.11 17:03:16.794,0.71434,0.71456,1.00,1.00
2017.01.11 17:03:17.040,0.71434,0.71454,1.00,1.00
2017.01.11 17:03:17.091,0.71434,0.71456,1.50,1.50
2017.01.11 17:03:17.243,0.71435,0.71458,1.00,1.00
2017.01.11 17:03:17.344,0.71437,0.7146,1.50,1.00
2017.01.11 17:03:17.668,0.71434,0.71455,1.00,1.00
2017.01.11 17:03:17.719,0.71434,0.71459,1.50,1.00
2017.01.11 17:03:17.971,0.71439,0.7146,1.00,1.00
2017.01.11 17:03:18.251,0.71439,0.71462,1.00,1.00
2017.01.11 17:03:18.554,0.71444,0.71461,1.00,1.00
2017.01.11 17:03:18.655,0.71444,0.71463,1.00,1.00
2017.01.11 17:03:18.756,0.71444,0.71465,1.00,1.00
2017.01.11 17:03:19.149,0.71449,0.71465,1.00,1.00
2017.01.11 17:03:19.250,0.71445,0.71466,1.00,1.00
2017.01.11 17:03:19.458,0.71443,0.71466,1.00,1.00
2017.01.11 17:03:19.661,0.7145,0.71466,1.00,1.00
2017.01.11 17:03:19.763,0.71445,0.71466,1.00,1.00
2017.01.11 17:03:19.864,0.71448,0.71468,1.00,1.00
2017.01.11 17:03:19.915,0.71446,0.71468,1.00,1.00
2017.01.11 17:03:20.113,0.71445,0.71464,1.00,1.00
2017.01.11 17:03:20.163,0.71449,0.71471,1.00,1.50
2017.01.11 17:03:20.573,0.71451,0.71473,1.00,1.00
2017.01.11 17:03:20.774,0.71448,0.71471,1.00,1.00
2017.01.11 17:03:20.825,0.71449,0.71468,1.00,1.00
2017.01.11 17:03:21.137,0.71454,0.71472,1.00,1.00
2017.01.11 17:03:21.289,0.71451,0.71472,1.00,1.00
2017.01.11 17:03:21.339,0.71454,0.71471,1.00,1.00
2017.01.11 17:03:21.440,0.71455,0.71473,1.00,1.00
2017.01.11 17:03:21.793,0.71454,0.71475,1.00,1.00
2017.01.11 17:03:22.309,0.71453,0.71474,1.00,1.00
2017.01.11 17:03:22.360,0.71453,0.71471,1.00,1.00
2017.01.11 17:03:22.410,0.7145,0.71471,1.00,1.00
2017.01.11 17:03:22.548,0.71449,0.71466,1.00,1.00
2017.01.11 17:03:22.649,0.71446,0.71467,1.00,1.00
2017.01.11 17:03:22.750,0.71449,0.71467,1.00,1.50
2017.01.11 17:03:23.012,0.71444,0.71465,1.00,1.00
2017.01.11 17:03:23.418,0.71444,0.71467,1.50,1.00
2017.01.11 17:03:23.782,0.7145,0.71469,1.00,1.00
2017.01.11 17:03:23.832,0.71446,0.71471,1.00,1.50
2017.01.11 17:03:23.883,0.7145,0.71471,1.00,1.00
2017.01.11 17:03:24.139,0.71446,0.71468,1.00,1.00
2017.01.11 17:03:24.541,0.71449,0.71471,1.00,1.00
2017.01.11 17:03:24.743,0.71444,0.71467,1.00,1.00
2017.01.11 17:03:24.901,0.71448,0.71472,1.00,1.00
2017.01.11 17:03:25.052,0.71449,0.71468,1.00,1.00
2017.01.11 17:03:25.103,0.71445,0.71468,1.00,1.00
2017.01.11 17:03:25.361,0.71447,0.71468,1.00,1.00
2017.01.11 17:03:25.613,0.71444,0.71466,1.00,1.00
2017.01.11 17:03:25.815,0.71442,0.71465,1.00,1.00
2017.01.11 17:03:26.017,0.71444,0.71465,1.00,1.00
2017.01.11 17:03:26.524,0.71445,0.71466,1.00,1.50
2017.01.11 17:03:26.747,0.71442,0.71465,1.50,1.00
2017.01.11 17:03:26.849,0.71444,0.71466,1.00,1.50
2017.01.11 17:03:27.516,0.71445,0.71467,1.00,1.00
2017.01.11 17:03:28.047,0.71444,0.71466,1.00,1.00
2017.01.11 17:03:28.805,0.71443,0.71466,1.50,1.00
2017.01.11 17:03:29.048,0.7144,0.71464,1.50,1.00
2017.01.11 17:03:29.300,0.7144,0.71461,1.00,1.00
2017.01.11 17:03:29.477,0.7144,0.71464,2.25,1.50
2017.01.11 17:03:29.579,0.7144,0.71461,1.00,1.00
2017.01.11 17:03:29.781,0.71435,0.71458,1.00,2.25
2017.01.11 17:03:29.832,0.71434,0.71455,1.00,1.00
2017.01.11 17:03:29.883,0.71434,0.71457,1.00,1.00
2017.01.11 17:03:30.084,0.71433,0.71455,1.00,1.00
2017.01.11 17:03:30.134,0.71434,0.71458,1.50,2.25
2017.01.11 17:03:30.185,0.71434,0.71456,1.50,1.00
2017.01.11 17:03:30.441,0.71435,0.71458,1.50,1.00
2017.01.11 17:03:30.492,0.71439,0.71458,1.00,1.00
2017.01.11 17:03:30.644,0.71437,0.7146,1.00,2.25
2017.01.11 17:03:31.202,0.71437,0.71459,1.00,1.50
2017.01.11 17:03:32.184,0.71437,0.71461,1.00,2.25
2017.01.11 17:03:32.235,0.71439,0.71459,1.00,1.00
2017.01.11 17:03:32.336,0.71438,0.71461,1.00,2.25
2017.01.11 17:03:32.386,0.71438,0.71458,1.00,1.00
2017.01.11 17:03:32.437,0.71435,0.71458,1.00,1.00
2017.01.11 17:03:32.488,0.71439,0.71458,1.00,1.00
2017.01.11 17:03:32.639,0.7144,0.71462,1.00,1.50
2017.01.11 17:03:33.015,0.71445,0.71462,1.00,1.50
2017.01.11 17:03:34.215,0.7144,0.71462,1.00,1.00
2017.01.11 17:03:34.744,0.71439,0.71461,1.00,1.00
2017.01.11 17:03:36.880,0.7144,0.71461,1.00,1.00
2017.01.11 17:03:36.981,0.71444,0.71461,1.00,1.00
2017.01.11 17:03:37.233,0.71439,0.7146,1.00,1.00
2017.01.11 17:03:37.647,0.7144,0.71458,1.00,1.50
2017.01.11 17:03:37.749,0.71439,0.71462,1.00,1.00
2017.01.11 17:03:37.800,0.71442,0.71462,1.00,1.00
2017.01.11 17:03:37.952,0.71437,0.71462,1.00,1.50
2017.01.11 17:03:38.356,0.71439,0.71462,1.00,1.50
2017.01.11 17:03:38.921,0.7144,0.71462,1.00,1.00
2017.01.11 17:03:39.247,0.71444,0.71462,1.00,1.00
2017.01.11 17:03:39.751,0.71444,0.71463,1.00,1.50
2017.01.11 17:03:40.087,0.71441,0.71464,1.00,1.00
2017.01.11 17:03:40.138,0.71444,0.71464,1.00,1.00
2017.01.11 17:03:40.239,0.71443,0.71467,1.00,1.50
2017.01.11 17:03:40.340,0.71445,0.71467,1.00,1.50
2017.01.11 17:03:40.863,0.71445,0.71468,1.00,2.25
2017.01.11 17:03:41.263,0.71444,0.71466,1.00,1.00
2017.01.11 17:03:41.570,0.71447,0.71467,1.00,1.00
2017.01.11 17:03:42.200,0.71446,0.71466,1.00,1.00
2017.01.11 17:03:42.628,0.71449,0.71468,1.00,1.00
2017.01.11 17:03:42.938,0.71449,0.7147,1.00,1.50
2017.01.11 17:03:43.139,0.71449,0.71466,1.00,1.00
2017.01.11 17:03:43.190,0.71451,0.71472,1.00,1.50
2017.01.11 17:03:43.241,0.71454,0.71472,1.00,1.00
2017.01.11 17:03:43.342,0.71454,0.71474,1.00,1.50
2017.01.11 17:03:43.636,0.7145,0.71474,1.50,1.00
2017.01.11 17:03:43.813,0.71454,0.71475,1.00,1.00
2017.01.11 17:03:43.863,0.71452,0.71475,1.00,1.00
2017.01.11 17:03:43.965,0.71449,0.71472,1.50,1.50
2017.01.11 17:03:44.268,0.71446,0.71467,1.00,1.00
2017.01.11 17:03:44.375,0.71446,0.71469,1.50,1.00
2017.01.11 17:03:44.627,0.71449,0.71469,1.00,1.00
2017.01.11 17:03:44.868,0.71446,0.71469,1.50,1.00
2017.01.11 17:03:44.919,0.7145,0.71469,1.00,1.00
2017.01.11 17:03:45.258,0.71451,0.71471,1.00,1.00
2017.01.11 17:03:45.359,0.71449,0.71471,1.00,1.00
2017.01.11 17:03:45.511,0.71449,0.71469,1.00,1.00
2017.01.11 17:03:45.562,0.71444,0.71469,1.50,2.25
2017.01.11 17:03:45.663,0.71446,0.71469,1.00,1.50
2017.01.11 17:03:46.064,0.71452,0.71475,1.00,1.50
2017.01.11 17:03:46.318,0.71454,0.71478,1.00,1.50
2017.01.11 17:03:47.086,0.71455,0.71478,1.00,1.50
2017.01.11 17:03:47.137,0.71459,0.71478,1.00,1.50
2017.01.11 17:03:47.238,0.71456,0.71478,1.00,1.50
2017.01.11 17:03:47.440,0.71454,0.71476,1.00,1.00
2017.01.11 17:03:47.951,0.71455,0.71477,1.00,1.00
2017.01.11 17:03:48.276,0.71459,0.71476,1.50,1.00
2017.01.11 17:03:48.377,0.71456,0.71476,1.00,1.00
2017.01.11 17:03:49.062,0.71455,0.71475,1.50,1.00
2017.01.11 17:03:49.113,0.71455,0.71473,1.00,1.00
2017.01.11 17:03:49.214,0.71455,0.71475,1.00,1.00
2017.01.11 17:03:49.756,0.71453,0.71475,1.00,1.00
2017.01.11 17:03:49.807,0.71453,0.71477,1.00,1.00
2017.01.11 17:03:50.238,0.71458,0.71477,1.00,1.00
2017.01.11 17:03:50.389,0.71456,0.71479,1.00,1.00
2017.01.11 17:03:50.490,0.71455,0.71477,1.00,1.00
2017.01.11 17:03:50.792,0.71454,0.71479,1.00,1.00
2017.01.11 17:03:50.843,0.71454,0.71476,1.50,1.00
2017.01.11 17:03:51.033,0.71452,0.71476,1.00,1.00
2017.01.11 17:03:51.134,0.71455,0.71478,1.00,1.00
2017.01.11 17:03:51.437,0.71455,0.71475,1.00,1.50
2017.01.11 17:03:51.561,0.71452,0.71475,1.00,1.50
2017.01.11 17:03:51.712,0.71454,0.71475,1.00,1.50
2017.01.11 17:03:52.403,0.71454,0.71473,1.00,1.00
2017.01.11 17:03:53.488,0.71455,0.71473,1.00,1.00
2017.01.11 17:03:53.712,0.71452,0.71475,1.50,1.00
2017.01.11 17:03:53.763,0.71452,0.71473,1.00,1.00
2017.01.11 17:03:54.167,0.71452,0.71471,1.00,1.00
2017.01.11 17:03:54.470,0.71452,0.71469,1.00,1.00
2017.01.11 17:03:54.571,0.71447,0.7147,1.00,1.50
2017.01.11 17:03:54.733,0.7145,0.71471,1.00,1.00
2017.01.11 17:03:54.884,0.7145,0.71473,1.00,1.00
2017.01.11 17:03:54.985,0.71449,0.7147,1.00,1.00
2017.01.11 17:03:55.439,0.71454,0.7147,1.00,1.00
2017.01.11 17:03:55.489,0.71454,0.71473,1.00,1.00
2017.01.11 17:03:55.706,0.71457,0.71479,1.00,1.00
2017.01.11 17:03:55.807,0.71455,0.71479,1.50,1.00
2017.01.11 17:03:56.126,0.71453,0.71478,1.00,1.00
2017.01.11 17:03:56.227,0.71455,0.71479,1.00,1.00
2017.01.11 17:03:57.092,0.71455,0.71476,1.00,1.00
2017.01.11 17:03:57.597,0.71455,0.71474,1.00,1.00
2017.01.11 17:03:57.698,0.71454,0.71476,1.00,1.50
2017.01.11 17:03:57.748,0.71455,0.71473,1.00,1.00
2017.01.11 17:03:58.094,0.71455,0.71475,1.00,1.50
2017.01.11 17:03:58.145,0.71459,0.71475,1.00,1.00
2017.01.11 17:03:58.196,0.71459,0.71478,1.00,1.50
2017.01.11 17:03:58.297,0.71454,0.71478,1.00,1.50
2017.01.11 17:03:58.349,0.71454,0.71469,1.00,1.00
2017.01.11 17:03:58.400,0.71454,0.71476,1.00,1.00
2017.01.11 17:03:58.476,0.71455,0.71467,1.00,1.00
2017.01.11 17:03:58.577,0.71454,0.71472,1.00,1.00
2017.01.11 17:03:58.869,0.71459,0.71479,1.00,1.00
2017.01.11 17:03:58.971,0.71459,0.71482,1.00,1.50
2017.01.11 17:03:59.122,0.71456,0.71481,1.00,1.00
2017.01.11 17:03:59.274,0.71456,0.71478,1.00,1.00
2017.01.11 17:03:59.526,0.71455,0.71481,1.00,1.50
2017.01.11 17:03:59.627,0.71455,0.71478,1.00,1.00
2017.01.11 17:03:59.995,0.71455,0.71476,1.00,1.00
2017.01.11 17:04:00.109,0.71452,0.71476,1.00,1.00
2017.01.11 17:04:00.160,0.71454,0.71476,1.00,1.00
2017.01.11 17:04:00.211,0.71459,0.71482,1.00,1.50
2017.01.11 17:04:00.262,0.71459,0.7148,1.00,1.00
2017.01.11 17:04:00.567,0.7146,0.71482,1.50,1.00
2017.01.11 17:04:00.848,0.71462,0.71486,1.00,1.00
2017.01.11 17:04:01.000,0.71461,0.71484,1.00,1.00
2017.01.11 17:04:01.101,0.71459,0.71484,1.50,1.50
2017.01.11 17:04:01.152,0.71461,0.71484,1.00,1.00
2017.01.11 17:04:01.467,0.71465,0.71487,1.00,1.00
2017.01.11 17:04:01.517,0.71465,0.7149,1.50,1.50
2017.01.11 17:04:01.618,0.71465,0.71488,1.00,1.00
2017.01.11 17:04:01.925,0.71462,0.71485,1.00,1.00
2017.01.11 17:04:02.229,0.7146,0.71483,1.00,1.00
2017.01.11 17:04:02.661,0.7146,0.71481,1.00,1.50
2017.01.11 17:04:03.026,0.71459,0.71479,1.00,1.00
2017.01.11 17:04:03.279,0.71459,0.71481,1.00,1.50
2017.01.11 17:04:03.582,0.71459,0.71478,1.00,1.00
2017.01.11 17:04:03.633,0.71457,0.71478,1.00,1.00
2017.01.11 17:04:03.734,0.71457,0.7148,1.00,1.50
2017.01.11 17:04:03.785,0.71459,0.7148,1.50,1.00
2017.01.11 17:04:04.287,0.7146,0.7148,1.00,1.00
2017.01.11 17:04:04.606,0.71459,0.71478,1.00,1.00
2017.01.11 17:04:04.913,0.71459,0.71476,1.00,1.00
2017.01.11 17:04:04.964,0.71459,0.71478,1.00,1.00
2017.01.11 17:04:05.166,0.71459,0.71481,1.50,1.00
2017.01.11 17:04:05.368,0.71459,0.71479,1.00,1.00
2017.01.11 17:04:05.419,0.71459,0.71483,1.00,1.50
2017.01.11 17:04:05.772,0.71461,0.71483,1.50,1.00
2017.01.11 17:04:06.074,0.71464,0.71484,1.00,1.00
2017.01.11 17:04:06.326,0.71465,0.71487,1.00,1.00
2017.01.11 17:04:06.427,0.71464,0.71485,1.00,1.50
2017.01.11 17:04:06.932,0.71463,0.71485,1.00,1.00
2017.01.11 17:04:07.162,0.71461,0.71484,1.00,1.00
2017.01.11 17:04:07.693,0.71461,0.71483,1.00,1.00
2017.01.11 17:04:07.744,0.71466,0.7149,1.00,1.00
2017.01.11 17:04:07.899,0.71468,0.7149,1.00,1.00
2017.01.11 17:04:08.153,0.71466,0.71489,1.00,1.00
2017.01.11 17:04:08.254,0.71465,0.71486,1.00,1.00
2017.01.11 17:04:08.859,0.71464,0.71486,1.00,1.00
2017.01.11 17:04:09.161,0.71466,0.71488,1.00,1.50
2017.01.11 17:04:09.484,0.71466,0.71485,1.00,1.00
2017.01.11 17:04:10.125,0.71466,0.71483,1.00,1.00
2017.01.11 17:04:10.175,0.7146,0.71481,1.00,1.00
2017.01.11 17:04:10.327,0.71458,0.7148,1.00,1.50
2017.01.11 17:04:10.428,0.7146,0.7148,1.00,1.50
2017.01.11 17:04:10.579,0.71457,0.71479,1.00,1.00
2017.01.11 17:04:10.630,0.71459,0.71478,1.00,1.00
2017.01.11 17:04:10.832,0.7146,0.71483,1.00,1.50
2017.01.11 17:04:11.355,0.71459,0.71482,1.50,1.00
2017.01.11 17:04:11.858,0.71465,0.71482,1.00,1.00
2017.01.11 17:04:12.092,0.71459,0.71482,1.50,1.00
2017.01.11 17:04:12.143,0.71462,0.71483,1.00,1.00
2017.01.11 17:04:12.246,0.71464,0.71487,1.00,1.50
2017.01.11 17:04:12.498,0.71467,0.71491,1.00,1.50
2017.01.11 17:04:12.549,0.71469,0.71492,1.00,1.00
2017.01.11 17:04:12.753,0.71465,0.71489,1.00,1.00
2017.01.11 17:04:12.904,0.71469,0.71491,1.00,1.00
2017.01.11 17:04:12.955,0.71467,0.71491,1.00,1.00
2017.01.11 17:04:13.129,0.71465,0.71488,1.00,1.00
2017.01.11 17:04:13.244,0.71463,0.71489,1.00,1.00
2017.01.11 17:04:13.553,0.71465,0.71488,1.00,1.00
2017.01.11 17:04:13.756,0.7146,0.71484,1.00,1.00
2017.01.11 17:04:13.806,0.71462,0.71484,1.00,1.00
2017.01.11 17:04:13.907,0.71463,0.71487,1.00,1.00
2017.01.11 17:04:14.420,0.71465,0.71489,1.00,1.00
2017.01.11 17:04:14.723,0.71465,0.71487,1.00,1.00
2017.01.11 17:04:15.409,0.71469,0.71493,1.00,1.00
2017.01.11 17:04:15.662,0.71471,0.71493,1.00,1.00
2017.01.11 17:04:16.404,0.7147,0.71493,1.50,1.00
2017.01.11 17:04:17.143,0.71472,0.71493,1.00,1.00
2017.01.11 17:04:17.194,0.71472,0.71495,1.00,2.25
2017.01.11 17:04:17.244,0.71474,0.71495,1.00,2.25
2017.01.11 17:04:17.547,0.71474,0.71493,1.00,1.00
2017.01.11 17:04:17.706,0.71474,0.71496,1.00,1.00
2017.01.11 17:04:17.858,0.71474,0.71493,1.00,1.00
2017.01.11 17:04:18.059,0.71475,0.71496,1.00,1.50
2017.01.11 17:04:18.638,0.71474,0.71496,1.00,1.00
2017.01.11 17:04:18.741,0.7147,0.71493,1.50,1.00
2017.01.11 17:04:18.997,0.71469,0.71491,1.00,1.00
2017.01.11 17:04:19.092,0.71469,0.71493,1.00,1.00
2017.01.11 17:04:19.144,0.71468,0.71491,1.50,1.00
2017.01.11 17:04:19.881,0.71467,0.71491,1.00,1.50
2017.01.11 17:04:20.188,0.7147,0.71491,1.00,1.00
2017.01.11 17:04:20.389,0.71466,0.71491,1.00,1.50
2017.01.11 17:04:20.440,0.71466,0.71489,1.00,1.00
2017.01.11 17:04:20.796,0.71465,0.71486,1.00,1.00
2017.01.11 17:04:20.847,0.71464,0.71488,1.00,1.50
2017.01.11 17:04:21.050,0.71464,0.71486,1.00,1.00
2017.01.11 17:04:21.201,0.71465,0.71488,1.00,1.50
2017.01.11 17:04:21.444,0.71462,0.71487,1.00,1.00
2017.01.11 17:04:21.547,0.71466,0.71488,1.00,1.00
2017.01.11 17:04:22.005,0.71466,0.71491,1.50,2.25
2017.01.11 17:04:22.218,0.71466,0.71489,1.50,1.00
2017.01.11 17:04:22.523,0.71464,0.71488,1.00,1.00
2017.01.11 17:04:23.188,0.71465,0.71486,1.00,1.50
2017.01.11 17:04:23.239,0.71463,0.71486,1.00,1.50
2017.01.11 17:04:23.340,0.71464,0.71484,1.00,1.00
2017.01.11 17:04:23.642,0.71459,0.71482,1.50,1.00
2017.01.11 17:04:23.844,0.7146,0.7148,1.00,1.00
2017.01.11 17:04:23.945,0.7146,0.71482,1.00,1.50
2017.01.11 17:04:24.258,0.71458,0.71482,1.00,1.50
2017.01.11 17:04:25.013,0.71459,0.71482,1.00,1.50
2017.01.11 17:04:25.250,0.71464,0.71483,1.00,1.00
2017.01.11 17:04:25.603,0.71466,0.71483,1.00,1.00
2017.01.11 17:04:25.654,0.71464,0.71486,1.00,1.00
2017.01.11 17:04:26.289,0.71465,0.71486,1.00,1.50
2017.01.11 17:04:27.029,0.71468,0.71487,1.00,1.00
2017.01.11 17:04:27.080,0.71466,0.71486,1.00,1.00
2017.01.11 17:04:27.131,0.71463,0.71483,1.00,1.00
2017.01.11 17:04:27.232,0.7146,0.71483,1.00,1.50
2017.01.11 17:04:27.737,0.7146,0.71484,1.00,1.00
2017.01.11 17:04:27.788,0.7146,0.71482,1.00,1.00
2017.01.11 17:04:28.040,0.71455,0.71479,1.00,1.00
2017.01.11 17:04:28.242,0.71458,0.71478,1.00,1.00
2017.01.11 17:04:28.293,0.71457,0.71481,1.00,1.00
2017.01.11 17:04:28.459,0.71459,0.71482,1.00,1.50
2017.01.11 17:04:28.658,0.71457,0.71482,2.25,1.00
2017.01.11 17:04:28.709,0.71459,0.71482,1.00,1.00
2017.01.11 17:04:29.049,0.71456,0.71478,1.00,1.00
2017.01.11 17:04:29.150,0.71462,0.71485,1.00,1.00
2017.01.11 17:04:29.305,0.71462,0.71487,1.00,1.00
2017.01.11 17:04:29.363,0.71464,0.71483,1.00,1.00
2017.01.11 17:04:29.682,0.71465,0.71485,1.00,1.00
2017.01.11 17:04:29.783,0.71464,0.71482,1.00,1.00
2017.01.11 17:04:29.935,0.71464,0.71486,1.00,1.50
2017.01.11 17:04:30.136,0.71462,0.71486,1.00,2.25
2017.01.11 17:04:30.324,0.71465,0.71486,1.00,2.25
2017.01.11 17:04:30.485,0.71464,0.71488,1.50,1.00
2017.01.11 17:04:30.536,0.71465,0.71484,1.00,1.00
2017.01.11 17:04:30.587,0.71465,0.71487,1.00,1.50
2017.01.11 17:04:30.840,0.71459,0.71482,2.25,1.00
2017.01.11 17:04:30.891,0.71461,0.71482,1.00,1.00
2017.01.11 17:04:30.992,0.71462,0.71487,1.00,1.50
2017.01.11 17:04:31.093,0.71461,0.71483,1.00,1.00
2017.01.11 17:04:31.245,0.71465,0.71488,1.00,1.50
2017.01.11 17:04:31.346,0.71467,0.71487,1.00,1.00
2017.01.11 17:04:31.601,0.71464,0.71488,1.50,1.00
2017.01.11 17:04:31.802,0.71466,0.71488,1.00,1.00
2017.01.11 17:04:31.954,0.71469,0.71492,1.00,1.00
2017.01.11 17:04:32.004,0.71469,0.7149,1.00,1.00
2017.01.11 17:04:32.105,0.7147,0.71494,1.50,1.00
2017.01.11 17:04:32.257,0.71468,0.71491,1.00,1.00
2017.01.11 17:04:32.587,0.71467,0.71488,1.00,1.00
2017.01.11 17:04:32.638,0.71465,0.71488,1.00,1.00
2017.01.11 17:04:33.041,0.71467,0.71489,1.00,1.00
2017.01.11 17:04:33.142,0.71469,0.71493,1.00,2.25
2017.01.11 17:04:33.243,0.71468,0.7149,1.50,1.00
2017.01.11 17:04:33.294,0.71465,0.71489,1.00,1.00
2017.01.11 17:04:33.673,0.7147,0.71488,1.00,1.00
2017.01.11 17:04:34.176,0.71464,0.71488,1.00,1.00
2017.01.11 17:04:34.227,0.71466,0.71488,1.00,1.00
2017.01.11 17:04:34.913,0.71465,0.71488,1.00,1.00
2017.01.11 17:04:35.216,0.71463,0.71483,1.00,1.00
2017.01.11 17:04:35.267,0.71465,0.71486,1.00,1.50
2017.01.11 17:04:35.368,0.71464,0.71488,1.00,1.50
2017.01.11 17:04:35.519,0.71464,0.71483,1.00,1.00
2017.01.11 17:04:35.570,0.71464,0.71489,1.50,1.00
2017.01.11 17:04:35.621,0.71463,0.71485,1.50,1.00
2017.01.11 17:04:35.878,0.71464,0.71487,1.50,1.00
2017.01.11 17:04:36.428,0.71464,0.71486,1.00,1.00
2017.01.11 17:04:36.986,0.71463,0.71487,1.00,1.00
2017.01.11 17:04:37.204,0.71462,0.71484,1.00,1.00
2017.01.11 17:04:37.507,0.71467,0.71489,1.00,1.00
2017.01.11 17:04:37.558,0.71465,0.71489,1.50,1.00
2017.01.11 17:04:37.937,0.71465,0.71487,1.00,1.00
2017.01.11 17:04:38.326,0.71464,0.71485,1.00,1.00
2017.01.11 17:04:38.901,0.7147,0.71486,1.00,1.00
2017.01.11 17:04:38.952,0.71465,0.71486,1.00,1.00
2017.01.11 17:04:39.003,0.71463,0.71485,1.50,1.00
2017.01.11 17:04:39.355,0.71466,0.71487,1.00,1.00
2017.01.11 17:04:39.881,0.71466,0.7149,1.00,1.50
2017.01.11 17:04:40.119,0.71467,0.71488,1.00,1.00
2017.01.11 17:04:40.421,0.71469,0.71487,1.00,1.00
2017.01.11 17:04:40.560,0.71466,0.71487,1.00,1.00
2017.01.11 17:04:40.812,0.71464,0.71487,1.00,1.00
2017.01.11 17:04:40.863,0.71469,0.71487,1.00,1.00
2017.01.11 17:04:40.914,0.71464,0.71487,1.50,1.00
2017.01.11 17:04:41.242,0.71465,0.71489,1.00,1.50
2017.01.11 17:04:41.350,0.71469,0.71489,1.00,1.00
2017.01.11 17:04:41.717,0.71468,0.71491,1.50,1.00
2017.01.11 17:04:41.769,0.71466,0.71488,1.00,1.00
2017.01.11 17:04:41.971,0.71468,0.71491,1.00,1.00
2017.01.11 17:04:42.022,0.71474,0.71491,1.00,1.00
2017.01.11 17:04:42.173,0.71469,0.71492,1.50,1.00
2017.01.11 17:04:42.224,0.71473,0.7149,1.00,1.00
2017.01.11 17:04:42.275,0.71474,0.71494,1.00,1.50
2017.01.11 17:04:42.427,0.71472,0.71493,1.00,1.00
2017.01.11 17:04:42.936,0.71473,0.71494,1.50,1.00
2017.01.11 17:04:43.240,0.7147,0.71491,1.00,1.00
2017.01.11 17:04:43.636,0.71468,0.71491,1.00,1.00
2017.01.11 17:04:43.686,0.71464,0.71486,1.50,1.00
2017.01.11 17:04:43.989,0.71469,0.71489,1.00,1.00
2017.01.11 17:04:44.090,0.71466,0.71488,1.00,1.00
2017.01.11 17:04:44.191,0.71468,0.71488,1.00,1.00
2017.01.11 17:04:44.242,0.71465,0.71488,1.00,1.00
2017.01.11 17:04:44.292,0.71472,0.71489,1.00,1.00
2017.01.11 17:04:44.642,0.71469,0.71489,1.50,1.00
2017.01.11 17:04:45.102,0.71472,0.71489,1.00,1.50
2017.01.11 17:04:45.153,0.7147,0.71489,1.00,1.00
2017.01.11 17:04:45.709,0.71472,0.71491,1.00,1.00
2017.01.11 17:04:46.364,0.71472,0.71494,1.00,1.00
2017.01.11 17:04:46.465,0.71471,0.71492,1.00,1.00
2017.01.11 17:04:46.859,0.71469,0.71492,1.00,1.00
2017.01.11 17:04:47.015,0.71469,0.71487,1.00,1.00
2017.01.11 17:04:47.116,0.7147,0.7149,1.00,1.00
2017.01.11 17:04:47.167,0.71471,0.71493,1.50,1.00
2017.01.11 17:04:47.268,0.71471,0.71489,1.00,1.00
2017.01.11 17:04:47.319,0.71467,0.71489,1.00,1.00
2017.01.11 17:04:47.420,0.71465,0.71488,1.50,1.00
2017.01.11 17:04:47.571,0.71467,0.71488,1.00,1.00
2017.01.11 17:04:48.195,0.71465,0.71488,1.50,1.00
2017.01.11 17:04:48.245,0.71465,0.71485,1.00,1.00
2017.01.11 17:04:48.448,0.71461,0.71485,1.50,1.00
2017.01.11 17:04:48.498,0.71463,0.71486,1.00,1.00
2017.01.11 17:04:48.801,0.7147,0.71489,1.00,1.00
2017.01.11 17:04:49.062,0.71467,0.71488,1.00,1.00
2017.01.11 17:04:49.128,0.7147,0.71491,1.00,1.00
2017.01.11 17:04:49.431,0.7147,0.71486,1.00,1.00
2017.01.11 17:04:49.481,0.71468,0.71488,1.00,1.00
2017.01.11 17:04:49.532,0.71469,0.71491,1.00,1.00
2017.01.11 17:04:49.716,0.71469,0.71489,1.00,1.00
2017.01.11 17:04:50.240,0.7147,0.7149,1.00,1.00
2017.01.11 17:04:50.519,0.71471,0.71492,1.00,1.00
2017.01.11 17:04:50.570,0.71471,0.7149,1.00,1.00
2017.01.11 17:04:50.620,0.71471,0.71492,1.00,1.00
2017.01.11 17:04:50.778,0.71474,0.71493,1.00,1.00
2017.01.11 17:04:50.828,0.71472,0.71493,1.00,1.00
2017.01.11 17:04:50.879,0.71471,0.71491,1.00,1.00
2017.01.11 17:04:51.114,0.71469,0.71491,2.25,1.00
2017.01.11 17:04:51.316,0.71471,0.71491,1.00,1.00
2017.01.11 17:04:51.366,0.7147,0.71494,1.00,2.25
2017.01.11 17:04:51.719,0.71475,0.71494,1.00,1.00
2017.01.11 17:04:51.771,0.71472,0.71492,1.00,1.00
2017.01.11 17:04:52.288,0.71471,0.71492,1.00,1.00
2017.01.11 17:04:52.440,0.7147,0.71489,1.00,1.00
2017.01.11 17:04:52.491,0.71468,0.71489,1.00,1.00
2017.01.11 17:04:52.592,0.71469,0.71491,1.00,1.00
2017.01.11 17:04:52.743,0.71471,0.71491,1.00,1.00
2017.01.11 17:04:53.315,0.7147,0.71491,1.50,1.00
2017.01.11 17:04:53.467,0.71466,0.71488,1.00,1.00
2017.01.11 17:04:53.568,0.71468,0.71488,1.00,1.00
2017.01.11 17:04:53.669,0.71469,0.71491,1.00,1.00
2017.01.11 17:04:53.820,0.71471,0.71491,1.50,1.00
2017.01.11 17:04:54.072,0.71468,0.7149,1.00,1.00
2017.01.11 17:04:54.364,0.7147,0.7149,1.00,1.00
2017.01.11 17:04:54.796,0.71468,0.71489,1.00,1.00
2017.01.11 17:04:55.048,0.71466,0.71489,1.00,1.00
2017.01.11 17:04:55.569,0.71465,0.71486,1.00,1.00
2017.01.11 17:04:55.873,0.7147,0.71489,1.00,1.00
2017.01.11 17:04:56.126,0.71469,0.71495,1.00,1.00
2017.01.11 17:04:56.176,0.71468,0.71486,1.50,1.00
2017.01.11 17:04:56.457,0.71472,0.71494,1.00,1.00
2017.01.11 17:04:56.576,0.7147,0.71496,1.50,1.00
2017.01.11 17:04:56.727,0.71468,0.71495,1.50,1.12
2017.01.11 17:04:56.779,0.7147,0.71495,1.00,1.12
2017.01.11 17:04:57.313,0.71469,0.71496,1.00,1.50
2017.01.11 17:04:57.661,0.71468,0.71492,1.00,1.00
2017.01.11 17:04:57.964,0.71468,0.71494,1.50,1.00
2017.01.11 17:04:58.417,0.71465,0.7149,1.00,1.00
2017.01.11 17:04:58.610,0.71461,0.71489,1.00,1.00
2017.01.11 17:04:58.661,0.71465,0.7149,1.00,1.00
2017.01.11 17:04:58.813,0.7146,0.71486,1.00,1.00
2017.01.11 17:04:59.014,0.7146,0.71482,1.00,1.00
2017.01.11 17:04:59.065,0.7146,0.71485,1.50,1.00
2017.01.11 17:04:59.166,0.7146,0.71487,1.00,1.50
2017.01.11 17:04:59.291,0.71462,0.71487,1.00,1.00
2017.01.11 17:04:59.772,0.71462,0.71484,1.00,1.00
2017.01.11 17:04:59.974,0.7146,0.71484,1.00,1.00
2017.01.11 17:05:00.176,0.71464,0.71486,1.00,1.00
2017.01.11 17:05:00.385,0.71467,0.71494,1.00,1.00
2017.01.11 17:05:00.537,0.71466,0.71488,1.00,1.00
2017.01.11 17:05:00.588,0.71466,0.7149,1.00,1.50
2017.01.11 17:05:00.639,0.71462,0.7149,1.50,1.50
2017.01.11 17:05:00.740,0.71463,0.71488,1.50,1.00
2017.01.11 17:05:01.052,0.71464,0.7149,1.00,1.00
2017.01.11 17:05:01.358,0.7147,0.71493,1.00,1.00
2017.01.11 17:05:01.661,0.71469,0.71496,1.00,1.12
2017.01.11 17:05:01.712,0.71469,0.71496,1.00,3.37
2017.01.11 17:05:01.914,0.71467,0.71493,1.00,1.00
2017.01.11 17:05:01.966,0.71467,0.7149,1.00,1.00
2017.01.11 17:05:02.017,0.71465,0.71489,1.00,1.00
2017.01.11 17:05:02.067,0.71463,0.71486,1.00,1.00
2017.01.11 17:05:02.118,0.71465,0.71489,1.00,1.00
2017.01.11 17:05:02.271,0.71465,0.71492,1.50,1.87
2017.01.11 17:05:02.523,0.71465,0.71494,1.00,1.00
2017.01.11 17:05:02.643,0.71464,0.71491,1.50,1.00
2017.01.11 17:05:02.945,0.71468,0.7149,1.00,1.00
2017.01.11 17:05:03.046,0.71465,0.7149,1.00,1.00
2017.01.11 17:05:03.265,0.71461,0.71489,1.00,1.00
2017.01.11 17:05:03.417,0.71462,0.71485,1.00,1.00
2017.01.11 17:05:03.543,0.71461,0.71487,1.00,1.00
2017.01.11 17:05:03.645,0.71463,0.71489,1.00,1.00
2017.01.11 17:05:03.797,0.71458,0.71485,1.00,1.00
2017.01.11 17:05:03.965,0.71458,0.71481,1.00,1.00
2017.01.11 17:05:04.016,0.71452,0.7148,1.50,1.87
2017.01.11 17:05:04.066,0.71459,0.7148,1.00,1.00
2017.01.11 17:05:04.168,0.71456,0.7148,1.00,1.00
2017.01.11 17:05:04.269,0.71456,0.71483,1.00,1.00
2017.01.11 17:05:04.370,0.71456,0.71485,1.00,1.00
2017.01.11 17:05:04.420,0.71456,0.71483,1.00,1.00
2017.01.11 17:05:04.471,0.71456,0.71485,1.00,1.00
2017.01.11 17:05:04.766,0.71456,0.71482,1.00,1.00
2017.01.11 17:05:05.098,0.71458,0.71481,1.00,1.00
2017.01.11 17:05:05.250,0.71454,0.71482,1.00,1.00
2017.01.11 17:05:05.300,0.71459,0.71482,1.00,1.00
2017.01.11 17:05:05.351,0.71456,0.71484,1.00,1.00
2017.01.11 17:05:05.452,0.71454,0.71484,1.50,1.50
2017.01.11 17:05:05.503,0.71454,0.71482,1.00,1.50
2017.01.11 17:05:05.882,0.71457,0.71483,1.00,1.00
2017.01.11 17:05:06.186,0.71461,0.71485,1.00,1.50
2017.01.11 17:05:06.389,0.71459,0.71484,1.00,1.00
2017.01.11 17:05:06.788,0.71457,0.71482,1.00,1.00
2017.01.11 17:05:06.838,0.71457,0.71484,1.00,1.12
2017.01.11 17:05:07.040,0.71459,0.71485,1.00,1.00
2017.01.11 17:05:07.342,0.71455,0.71481,1.00,3.00
2017.01.11 17:05:07.443,0.7145,0.71478,1.00,1.50
2017.01.11 17:05:07.965,0.71449,0.71478,1.50,1.50
2017.01.11 17:05:08.066,0.71449,0.71476,1.50,1.00
2017.01.11 17:05:08.368,0.71457,0.71481,1.00,1.00
2017.01.11 17:05:08.490,0.71454,0.71481,1.00,1.00
2017.01.11 17:05:08.591,0.71459,0.71482,1.00,1.00
2017.01.11 17:05:08.765,0.71457,0.71482,1.00,1.00
2017.01.11 17:05:08.996,0.71455,0.71481,1.50,1.00
2017.01.11 17:05:09.539,0.71455,0.7148,1.50,1.00
2017.01.11 17:05:09.840,0.71451,0.71479,1.00,1.00
2017.01.11 17:05:09.892,0.71455,0.71482,1.00,1.00
2017.01.11 17:05:10.395,0.71454,0.71483,1.00,1.50
2017.01.11 17:05:10.699,0.71457,0.71483,1.00,1.00
2017.01.11 17:05:11.221,0.71456,0.71483,1.00,1.00
2017.01.11 17:05:11.541,0.71456,0.71481,1.00,1.00
2017.01.11 17:05:11.693,0.71456,0.71483,1.00,1.00
2017.01.11 17:05:12.087,0.71458,0.71483,1.00,1.00
2017.01.11 17:05:12.191,0.71456,0.71484,1.00,1.00
2017.01.11 17:05:12.242,0.71456,0.71481,1.00,1.00
2017.01.11 17:05:12.343,0.71455,0.71483,1.00,1.12
2017.01.11 17:05:12.394,0.71455,0.71481,1.00,1.00
2017.01.11 17:05:12.711,0.7145,0.71476,1.00,1.00
2017.01.11 17:05:12.963,0.71453,0.7148,1.00,1.50
2017.01.11 17:05:13.418,0.71455,0.7148,1.00,1.00
2017.01.11 17:05:13.817,0.71454,0.71477,1.00,1.00
2017.01.11 17:05:13.868,0.71452,0.71477,1.00,1.00
2017.01.11 17:05:13.969,0.7145,0.71477,1.00,1.00
2017.01.11 17:05:14.854,0.7145,0.71474,1.00,1.00
2017.01.11 17:05:15.165,0.71452,0.71473,1.00,1.00
2017.01.11 17:05:15.215,0.7145,0.71473,1.00,1.00
2017.01.11 17:05:15.383,0.71453,0.71475,1.00,1.00
2017.01.11 17:05:15.434,0.71453,0.71478,1.50,1.00
2017.01.11 17:05:15.586,0.71457,0.71478,1.00,1.00
2017.01.11 17:05:15.888,0.71455,0.71478,1.00,1.00
2017.01.11 17:05:16.141,0.71458,0.7148,1.00,1.00
2017.01.11 17:05:16.451,0.71456,0.71477,1.00,1.00
2017.01.11 17:05:16.715,0.71453,0.71475,1.00,1.00
2017.01.11 17:05:16.916,0.71451,0.71478,1.50,1.00
2017.01.11 17:05:17.260,0.71453,0.71478,1.00,1.00
2017.01.11 17:05:17.648,0.71455,0.71478,1.00,1.00
2017.01.11 17:05:17.749,0.71455,0.71481,1.00,1.50
2017.01.11 17:05:17.799,0.71455,0.71474,1.00,1.00
2017.01.11 17:05:17.901,0.71446,0.7147,1.00,1.00
2017.01.11 17:05:18.254,0.71445,0.71466,1.00,1.50
2017.01.11 17:05:18.305,0.71442,0.71466,1.00,1.00
2017.01.11 17:05:18.356,0.71442,0.71464,1.00,1.00
2017.01.11 17:05:18.567,0.71442,0.71469,1.00,1.50
2017.01.11 17:05:18.618,0.71445,0.71469,1.00,1.50
2017.01.11 17:05:18.870,0.71441,0.71466,1.00,1.00
2017.01.11 17:05:19.223,0.71439,0.71466,1.50,1.00
2017.01.11 17:05:19.475,0.71437,0.71463,1.00,1.00
2017.01.11 17:05:19.798,0.71439,0.71464,1.50,1.00
2017.01.11 17:05:20.101,0.71438,0.71461,1.00,1.00
2017.01.11 17:05:20.541,0.71435,0.71461,1.50,1.00
2017.01.11 17:05:20.592,0.71435,0.71459,1.00,1.00
2017.01.11 17:05:20.895,0.71434,0.71455,1.50,1.00
2017.01.11 17:05:21.260,0.71434,0.71459,1.00,2.25
2017.01.11 17:05:21.361,0.71438,0.71463,1.00,1.00
2017.01.11 17:05:21.664,0.7144,0.71459,1.00,1.00
2017.01.11 17:05:21.715,0.7144,0.71462,1.00,1.00
2017.01.11 17:05:21.816,0.71437,0.71458,1.00,1.00
2017.01.11 17:05:22.127,0.71439,0.71462,1.00,1.00
2017.01.11 17:05:22.228,0.71443,0.71463,1.00,1.00
2017.01.11 17:05:22.480,0.71444,0.71466,1.50,1.00
2017.01.11 17:05:22.632,0.71444,0.71468,1.00,1.50
2017.01.11 17:05:23.040,0.71445,0.71465,1.00,1.00
2017.01.11 17:05:23.093,0.71442,0.71465,1.00,1.50
2017.01.11 17:05:23.695,0.71443,0.71465,1.00,1.00
2017.01.11 17:05:24.745,0.71444,0.7147,1.00,1.50
2017.01.11 17:05:24.795,0.71443,0.71467,1.00,1.00
2017.01.11 17:05:25.098,0.71441,0.71463,1.00,1.00
2017.01.11 17:05:25.641,0.71442,0.71463,1.00,1.00
2017.01.11 17:05:26.147,0.71443,0.71465,1.00,1.00
2017.01.11 17:05:26.198,0.71443,0.71468,1.00,1.00
2017.01.11 17:05:26.313,0.71447,0.71468,1.00,1.00
2017.01.11 17:05:26.364,0.71447,0.71471,1.00,1.00
2017.01.11 17:05:26.619,0.71445,0.71467,1.00,1.00
2017.01.11 17:05:26.972,0.71441,0.71467,1.00,1.00
2017.01.11 17:05:27.275,0.71443,0.71465,1.00,1.00
2017.01.11 17:05:27.777,0.71444,0.71466,1.00,1.00
2017.01.11 17:05:27.878,0.71444,0.71469,1.50,1.00
2017.01.11 17:05:28.029,0.71439,0.71466,2.25,1.00
2017.01.11 17:05:28.180,0.71442,0.71466,1.00,1.00
2017.01.11 17:05:28.675,0.71444,0.71468,1.00,1.00
2017.01.11 17:05:28.776,0.71442,0.71468,1.00,1.00
2017.01.11 17:05:29.331,0.71442,0.71466,1.00,1.00
2017.01.11 17:05:29.836,0.71442,0.71467,1.00,1.00
2017.01.11 17:05:30.098,0.71442,0.71469,1.50,1.00
2017.01.11 17:05:30.149,0.71443,0.71462,1.00,1.00
2017.01.11 17:05:30.200,0.71438,0.71462,1.00,1.00
2017.01.11 17:05:30.401,0.71438,0.7146,1.00,1.00
2017.01.11 17:05:30.452,0.71436,0.7146,1.00,1.00
2017.01.11 17:05:30.704,0.71433,0.71459,1.00,1.00
2017.01.11 17:05:30.856,0.71439,0.71459,1.00,1.00
2017.01.11 17:05:31.033,0.71437,0.71462,1.00,1.00
2017.01.11 17:05:31.603,0.71437,0.71461,1.00,1.00
2017.01.11 17:05:31.821,0.71433,0.71456,1.00,1.00
2017.01.11 17:05:31.922,0.71428,0.71454,1.00,1.50
2017.01.11 17:05:32.023,0.71428,0.71452,1.00,1.00
2017.01.11 17:05:32.255,0.71431,0.71456,1.00,1.50
2017.01.11 17:05:32.305,0.71433,0.71455,1.00,1.00
2017.01.11 17:05:32.710,0.71431,0.71455,1.00,1.00
2017.01.11 17:05:32.912,0.71432,0.71458,1.00,1.00
2017.01.11 17:05:32.963,0.7143,0.71458,1.00,1.50
2017.01.11 17:05:33.333,0.71434,0.71457,1.00,1.00
2017.01.11 17:05:33.551,0.71436,0.7146,1.00,1.00
2017.01.11 17:05:33.646,0.71436,0.71455,1.00,1.00
2017.01.11 17:05:33.697,0.71431,0.71455,1.00,1.00
2017.01.11 17:05:33.949,0.71434,0.71455,1.00,1.00
2017.01.11 17:05:34.000,0.71434,0.71458,1.00,1.00
2017.01.11 17:05:34.274,0.71434,0.7146,1.50,1.00
2017.01.11 17:05:34.581,0.71433,0.71458,1.00,1.00
2017.01.11 17:05:35.088,0.71433,0.71459,1.00,1.50
2017.01.11 17:05:35.391,0.71432,0.71455,1.00,1.00
2017.01.11 17:05:35.543,0.7143,0.71455,1.00,1.50
2017.01.11 17:05:35.594,0.71427,0.71453,1.00,1.50
2017.01.11 17:05:35.645,0.71427,0.71451,1.00,1.00
2017.01.11 17:05:36.160,0.71428,0.71451,1.00,1.00
2017.01.11 17:05:36.319,0.71428,0.71454,1.00,1.50
2017.01.11 17:05:36.370,0.71432,0.71454,1.00,1.00
2017.01.11 17:05:36.471,0.71427,0.71454,1.00,1.50
2017.01.11 17:05:36.522,0.71426,0.71451,1.50,1.00
2017.01.11 17:05:36.623,0.71429,0.71455,1.50,1.00
2017.01.11 17:05:36.768,0.71432,0.71455,1.00,1.00
2017.01.11 17:05:36.870,0.71428,0.71455,1.50,1.50
2017.01.11 17:05:36.971,0.71429,0.71451,1.00,1.00
2017.01.11 17:05:37.022,0.71429,0.71454,1.50,1.00
2017.01.11 17:05:37.227,0.71427,0.71454,1.00,1.00
2017.01.11 17:05:37.760,0.71428,0.71454,1.00,1.00
2017.01.11 17:05:38.053,0.71425,0.71451,2.25,1.00
2017.01.11 17:05:38.355,0.71425,0.71449,1.00,1.00
2017.01.11 17:05:38.683,0.71428,0.71451,1.00,1.00
2017.01.11 17:05:39.162,0.71426,0.71449,1.00,1.00
2017.01.11 17:05:40.192,0.71425,0.7145,1.00,1.00
2017.01.11 17:05:40.505,0.71427,0.71449,1.00,1.00
2017.01.11 17:05:40.556,0.71424,0.71449,2.25,1.00
2017.01.11 17:05:40.809,0.71427,0.71454,1.00,1.00
2017.01.11 17:05:40.860,0.7143,0.71454,1.00,1.00
2017.01.11 17:05:41.306,0.71428,0.71454,1.00,1.00
2017.01.11 17:05:41.357,0.71428,0.71448,1.00,1.00
2017.01.11 17:05:41.408,0.71428,0.7145,1.00,1.00
2017.01.11 17:05:41.509,0.71426,0.7145,1.00,1.00
2017.01.11 17:05:41.684,0.71428,0.7145,1.00,1.00
2017.01.11 17:05:41.785,0.71425,0.7145,1.50,1.00
2017.01.11 17:05:42.113,0.71427,0.7145,1.00,1.00
2017.01.11 17:05:42.416,0.71425,0.71447,1.00,1.00
2017.01.11 17:05:43.800,0.71425,0.71446,1.00,1.00
2017.01.11 17:05:44.102,0.71423,0.71446,1.50,1.00
2017.01.11 17:05:44.630,0.71424,0.71446,1.00,1.00
2017.01.11 17:05:44.796,0.71424,0.71449,1.00,1.00
2017.01.11 17:05:44.897,0.71424,0.71447,1.50,1.00
2017.01.11 17:05:45.430,0.71425,0.71447,1.00,1.00
2017.01.11 17:05:45.581,0.7143,0.71453,1.00,1.00
2017.01.11 17:05:45.927,0.7143,0.71455,1.50,1.00
2017.01.11 17:05:46.032,0.71433,0.71455,1.00,1.00
2017.01.11 17:05:46.543,0.71432,0.71455,1.00,1.00
2017.01.11 17:05:46.879,0.71431,0.71452,1.00,1.00
2017.01.11 17:05:47.284,0.71429,0.71449,1.00,1.00
2017.01.11 17:05:47.586,0.71425,0.71442,1.00,1.00
2017.01.11 17:05:47.687,0.71425,0.71445,1.50,1.00
2017.01.11 17:05:48.515,0.71426,0.71448,1.00,1.00
2017.01.11 17:05:48.616,0.71426,0.71442,1.00,1.00
2017.01.11 17:05:48.666,0.7142,0.71442,1.00,1.00
2017.01.11 17:05:48.717,0.7142,0.7144,1.00,1.00
2017.01.11 17:05:48.818,0.71417,0.7144,1.50,1.00
2017.01.11 17:05:48.919,0.71419,0.7144,1.00,1.00
2017.01.11 17:05:49.121,0.71421,0.71443,1.00,1.00
2017.01.11 17:05:49.331,0.71423,0.71443,1.00,1.00
2017.01.11 17:05:49.850,0.71424,0.71443,1.00,1.00
2017.01.11 17:05:50.329,0.71421,0.71442,1.00,1.00
2017.01.11 17:05:50.398,0.71421,0.71444,1.00,1.00
2017.01.11 17:05:50.929,0.71422,0.71444,1.00,1.00
2017.01.11 17:05:51.070,0.71422,0.71441,1.00,1.00
2017.01.11 17:05:51.498,0.71424,0.71447,1.00,1.00
2017.01.11 17:05:51.548,0.71427,0.71447,1.00,1.00
2017.01.11 17:05:51.599,0.71427,0.7145,1.00,1.00
2017.01.11 17:05:52.271,0.71428,0.7145,1.00,1.00
2017.01.11 17:05:52.423,0.71429,0.71447,1.00,1.00
2017.01.11 17:05:52.524,0.71427,0.71449,1.00,1.00
2017.01.11 17:05:53.118,0.71429,0.7145,1.00,1.00
2017.01.11 17:05:53.631,0.71428,0.71449,1.00,1.00
2017.01.11 17:05:54.177,0.71427,0.71449,1.50,1.00
2017.01.11 17:05:54.477,0.71425,0.71448,1.00,1.00
2017.01.11 17:05:55.344,0.71425,0.71449,1.00,1.00
2017.01.11 17:05:55.901,0.71423,0.71445,1.50,1.00
2017.01.11 17:05:56.305,0.71426,0.71448,1.00,1.00
2017.01.11 17:05:56.658,0.71429,0.71448,1.00,1.00
2017.01.11 17:05:57.037,0.71428,0.71445,1.00,1.00
2017.01.11 17:05:57.088,0.71421,0.71441,1.00,1.00
2017.01.11 17:05:57.391,0.71419,0.71439,1.00,1.00
2017.01.11 17:05:57.845,0.71417,0.71439,1.00,1.00
2017.01.11 17:05:58.147,0.71419,0.71439,1.00,1.00
2017.01.11 17:05:58.298,0.71416,0.71439,1.00,1.00
2017.01.11 17:05:58.432,0.71418,0.7144,1.00,1.00
2017.01.11 17:05:58.735,0.71415,0.71438,1.00,1.00
2017.01.11 17:05:59.140,0.71413,0.71437,1.50,1.00
2017.01.11 17:05:59.342,0.71415,0.71439,1.00,1.00
2017.01.11 17:05:59.646,0.71419,0.71442,1.00,1.00
2017.01.11 17:05:59.948,0.71421,0.71444,1.00,1.00
2017.01.11 17:06:00.514,0.71422,0.71442,1.00,1.00
2017.01.11 17:06:00.565,0.71419,0.71442,1.00,1.00
2017.01.11 17:06:00.616,0.71417,0.7144,1.00,1.00
2017.01.11 17:06:00.666,0.71418,0.71442,1.00,1.00
2017.01.11 17:06:00.767,0.7142,0.71442,1.00,1.00
2017.01.11 17:06:01.446,0.71417,0.71439,1.00,1.00
2017.01.11 17:06:01.950,0.7142,0.7144,1.00,1.00
2017.01.11 17:06:02.303,0.71424,0.71441,1.00,1.00
2017.01.11 17:06:02.404,0.71421,0.71441,1.00,1.00
2017.01.11 17:06:02.676,0.71424,0.71444,1.00,1.00
2017.01.11 17:06:02.728,0.71419,0.71442,1.50,1.00
2017.01.11 17:06:02.829,0.71422,0.71442,1.00,1.00
2017.01.11 17:06:03.155,0.71424,0.71443,1.00,1.00
2017.01.11 17:06:03.356,0.71422,0.71443,1.00,1.00
2017.01.11 17:06:03.882,0.71421,0.71441,1.00,1.00
2017.01.11 17:06:03.984,0.71419,0.71441,1.50,1.00
2017.01.11 17:06:04.490,0.7142,0.71441,1.00,1.00
2017.01.11 17:06:04.713,0.7142,0.71439,1.00,1.00
2017.01.11 17:06:04.815,0.71418,0.71439,1.00,1.00
2017.01.11 17:06:04.866,0.71415,0.71436,1.50,1.00
2017.01.11 17:06:05.211,0.71422,0.71443,1.00,1.00
2017.01.11 17:06:05.312,0.71425,0.71449,1.00,1.00
2017.01.11 17:06:05.365,0.71425,0.71444,1.00,1.00
2017.01.11 17:06:05.517,0.71419,0.71442,1.50,1.00
2017.01.11 17:06:05.870,0.71421,0.71445,1.00,1.00
2017.01.11 17:06:06.070,0.71424,0.71445,1.00,1.00
2017.01.11 17:06:06.171,0.71422,0.71445,1.00,1.00
2017.01.11 17:06:06.273,0.7142,0.71445,1.00,1.00
2017.01.11 17:06:06.424,0.71421,0.71449,1.50,1.50
2017.01.11 17:06:06.475,0.71421,0.71447,1.00,1.00
2017.01.11 17:06:06.778,0.71419,0.71447,2.25,1.00
2017.01.11 17:06:06.982,0.71418,0.71443,1.00,1.00
2017.01.11 17:06:07.235,0.71419,0.71445,1.50,1.00
2017.01.11 17:06:07.436,0.71421,0.71444,1.00,1.00
2017.01.11 17:06:07.791,0.71432,0.71444,1.00,1.00
2017.01.11 17:06:07.892,0.71432,0.71446,1.00,1.00
2017.01.11 17:06:08.050,0.71433,0.71444,1.00,1.00
2017.01.11 17:06:08.101,0.71435,0.71448,1.00,1.00
2017.01.11 17:06:08.253,0.71437,0.71451,1.00,1.50
2017.01.11 17:06:08.404,0.71432,0.71449,1.00,1.00
2017.01.11 17:06:08.498,0.71428,0.71445,1.00,1.00
2017.01.11 17:06:08.801,0.71433,0.71446,1.00,1.00
2017.01.11 17:06:08.953,0.7143,0.71445,1.00,1.00
2017.01.11 17:06:09.162,0.71429,0.71443,1.00,1.00
2017.01.11 17:06:09.535,0.7143,0.7144,1.00,1.00
2017.01.11 17:06:09.585,0.7143,0.71443,1.00,1.00
2017.01.11 17:06:10.007,0.71432,0.71446,1.00,1.50
2017.01.11 17:06:10.320,0.71434,0.71447,1.00,1.00
2017.01.11 17:06:10.773,0.71435,0.7145,1.00,1.00
2017.01.11 17:06:10.824,0.71438,0.7145,1.00,1.00
2017.01.11 17:06:10.925,0.71434,0.7145,1.00,1.00
2017.01.11 17:06:11.202,0.71434,0.71448,1.00,1.00
2017.01.11 17:06:11.506,0.71436,0.71449,1.00,1.00
2017.01.11 17:06:11.758,0.71438,0.71453,1.00,1.00
2017.01.11 17:06:11.809,0.7144,0.71453,1.00,1.00
2017.01.11 17:06:12.224,0.71435,0.7145,1.00,1.00
2017.01.11 17:06:12.275,0.71437,0.7145,1.00,1.00
2017.01.11 17:06:12.578,0.71437,0.71448,1.00,1.00
2017.01.11 17:06:12.971,0.71437,0.71452,1.00,1.50
2017.01.11 17:06:13.022,0.71431,0.71446,1.00,1.00
2017.01.11 17:06:13.267,0.71432,0.71449,1.00,1.00
2017.01.11 17:06:13.319,0.71438,0.71449,1.00,1.00
2017.01.11 17:06:13.369,0.71438,0.71451,1.00,1.50
2017.01.11 17:06:13.599,0.71434,0.71451,1.00,1.00
2017.01.11 17:06:13.801,0.71435,0.71455,1.00,1.00
2017.01.11 17:06:13.902,0.71438,0.71455,1.00,1.00
2017.01.11 17:06:14.208,0.71441,0.71455,1.00,1.00
2017.01.11 17:06:14.309,0.71439,0.71456,1.00,1.00
2017.01.11 17:06:14.461,0.71441,0.71457,1.00,1.00
2017.01.11 17:06:14.512,0.71442,0.7146,1.00,1.00
2017.01.11 17:06:14.664,0.71445,0.71461,1.00,1.50
2017.01.11 17:06:14.714,0.71443,0.71461,1.00,1.50
2017.01.11 17:06:14.765,0.71445,0.71461,1.00,1.50
2017.01.11 17:06:14.816,0.71442,0.71461,1.00,1.50
2017.01.11 17:06:14.867,0.7144,0.71461,1.00,1.50
2017.01.11 17:06:15.530,0.7144,0.71459,1.00,1.00
2017.01.11 17:06:15.833,0.71442,0.7146,1.00,1.00
2017.01.11 17:06:16.370,0.71442,0.71461,1.00,1.00
2017.01.11 17:06:16.775,0.71444,0.71462,1.00,1.00
2017.01.11 17:06:17.028,0.71444,0.71464,1.00,1.00
2017.01.11 17:06:17.179,0.71446,0.71462,1.00,1.00
2017.01.11 17:06:17.431,0.71444,0.71462,1.00,1.00
2017.01.11 17:06:17.539,0.71444,0.71459,1.00,1.00
2017.01.11 17:06:17.641,0.71446,0.71462,1.00,1.00
2017.01.11 17:06:17.792,0.71444,0.71462,1.00,1.00
2017.01.11 17:06:17.843,0.71446,0.71462,1.00,1.00
2017.01.11 17:06:17.994,0.71447,0.71466,1.00,1.50
2017.01.11 17:06:18.045,0.7145,0.71467,1.00,1.00
2017.01.11 17:06:18.146,0.71451,0.71469,1.00,1.00
2017.01.11 17:06:18.298,0.71453,0.71469,1.00,1.00
2017.01.11 17:06:18.351,0.71453,0.71471,1.00,1.00
2017.01.11 17:06:18.497,0.71451,0.71471,1.00,1.00
2017.01.11 17:06:18.548,0.7145,0.71467,1.00,1.00
2017.01.11 17:06:18.781,0.71447,0.71465,1.00,1.00
2017.01.11 17:06:19.037,0.71447,0.71463,1.00,1.00
2017.01.11 17:06:19.569,0.71448,0.71463,1.00,1.00
2017.01.11 17:06:19.997,0.71448,0.71465,1.00,1.00
2017.01.11 17:06:20.232,0.71448,0.71461,1.00,1.00
2017.01.11 17:06:20.283,0.71446,0.71461,1.00,1.00
2017.01.11 17:06:20.334,0.71446,0.71465,1.00,1.50
2017.01.11 17:06:20.435,0.71444,0.71465,1.00,1.50
2017.01.11 17:06:20.536,0.71448,0.71465,1.00,1.00
2017.01.11 17:06:20.587,0.71446,0.71465,1.00,1.00
2017.01.11 17:06:20.688,0.71445,0.71463,1.00,1.00
2017.01.11 17:06:20.739,0.71446,0.71466,1.00,1.00
2017.01.11 17:06:20.840,0.71448,0.71468,1.00,1.00
2017.01.11 17:06:21.144,0.71444,0.71464,1.00,1.00
2017.01.11 17:06:21.447,0.71449,0.71467,1.00,1.00
2017.01.11 17:06:21.498,0.71447,0.71467,1.00,1.00
2017.01.11 17:06:21.599,0.71445,0.71467,1.00,1.00
2017.01.11 17:06:21.650,0.71444,0.71463,1.00,1.00
2017.01.11 17:06:21.701,0.71442,0.71463,1.00,1.00
2017.01.11 17:06:22.266,0.71442,0.71462,1.00,1.00
2017.01.11 17:06:22.615,0.7144,0.71463,1.00,1.00
2017.01.11 17:06:22.666,0.71444,0.71464,1.00,1.00
2017.01.11 17:06:22.817,0.71444,0.71466,1.00,1.00
2017.01.11 17:06:23.222,0.71446,0.71465,1.00,1.00
2017.01.11 17:06:23.274,0.71444,0.71465,1.00,1.00
2017.01.11 17:06:23.441,0.71447,0.71465,1.00,1.00
2017.01.11 17:06:23.989,0.71448,0.71465,1.00,1.00
2017.01.11 17:06:24.090,0.71444,0.71463,1.00,1.00
2017.01.11 17:06:24.141,0.71447,0.71467,1.00,1.00
2017.01.11 17:06:24.191,0.7145,0.71467,1.00,1.00
2017.01.11 17:06:24.292,0.7145,0.71469,1.00,1.00
2017.01.11 17:06:24.773,0.7145,0.71472,1.00,1.00
2017.01.11 17:06:24.875,0.71449,0.71469,1.50,1.00
2017.01.11 17:06:25.178,0.71451,0.71471,1.00,1.00
2017.01.11 17:06:25.610,0.71449,0.71469,1.00,1.00
2017.01.11 17:06:25.661,0.7145,0.71471,1.00,1.00
2017.01.11 17:06:25.762,0.71452,0.71473,1.00,1.50
2017.01.11 17:06:26.015,0.71449,0.71472,1.00,1.00
2017.01.11 17:06:26.116,0.71451,0.71472,1.00,1.00
2017.01.11 17:06:26.368,0.71449,0.71472,1.00,1.00
2017.01.11 17:06:26.520,0.71451,0.71472,1.00,1.50
2017.01.11 17:06:27.021,0.71451,0.71469,1.00,1.00
2017.01.11 17:06:28.790,0.71451,0.71466,1.00,1.00
2017.01.11 17:06:28.841,0.71452,0.7147,1.00,1.00
2017.01.11 17:06:29.093,0.71452,0.71468,1.00,1.00
2017.01.11 17:06:29.651,0.71451,0.71468,1.00,1.00
2017.01.11 17:06:29.987,0.71449,0.71466,1.00,1.00
2017.01.11 17:06:30.038,0.71452,0.71472,1.00,1.00
2017.01.11 17:06:30.139,0.71451,0.71469,1.00,1.00
2017.01.11 17:06:30.240,0.71453,0.71472,1.00,1.00
2017.01.11 17:06:30.342,0.71453,0.7147,1.00,1.00
2017.01.11 17:06:30.393,0.71451,0.7147,1.00,1.00
2017.01.11 17:06:30.928,0.7145,0.7147,1.00,1.00
2017.01.11 17:06:31.432,0.71451,0.7147,1.00,1.00
2017.01.11 17:06:31.933,0.71451,0.71471,1.00,1.00
2017.01.11 17:06:32.461,0.71452,0.7147,1.00,1.00
2017.01.11 17:06:32.858,0.7145,0.7147,1.00,1.00
2017.01.11 17:06:32.908,0.71452,0.7147,1.00,1.00
2017.01.11 17:06:33.610,0.71451,0.71471,1.00,1.00
2017.01.11 17:06:34.271,0.71449,0.7147,1.00,1.00
2017.01.11 17:06:34.422,0.71451,0.7147,1.00,1.00
2017.01.11 17:06:34.523,0.71453,0.71473,1.00,1.00
2017.01.11 17:06:34.786,0.71457,0.71474,1.00,1.00
2017.01.11 17:06:35.015,0.71455,0.71474,1.00,1.00
2017.01.11 17:06:35.115,0.71453,0.71474,1.00,1.00
2017.01.11 17:06:35.367,0.71453,0.71472,1.00,1.00
2017.01.11 17:06:36.171,0.71449,0.7147,1.00,1.00
2017.01.11 17:06:36.474,0.7145,0.71467,1.00,1.00
2017.01.11 17:06:36.575,0.71448,0.71467,1.00,1.00
2017.01.11 17:06:37.639,0.71449,0.71467,1.00,1.00
2017.01.11 17:06:37.690,0.71449,0.71469,1.00,1.00
2017.01.11 17:06:38.194,0.71448,0.71468,1.00,1.00
2017.01.11 17:06:38.295,0.7145,0.71468,1.00,1.00
2017.01.11 17:06:38.814,0.71449,0.71468,1.00,1.00
2017.01.11 17:06:38.915,0.71451,0.71471,1.00,1.00
2017.01.11 17:06:39.490,0.71453,0.71471,1.00,1.00
2017.01.11 17:06:39.797,0.71451,0.71471,1.00,1.00
2017.01.11 17:06:40.146,0.71449,0.71471,1.00,1.00
2017.01.11 17:06:40.298,0.7145,0.71473,1.00,1.00
2017.01.11 17:06:40.348,0.71449,0.7147,1.00,1.00
2017.01.11 17:06:40.601,0.71451,0.71473,1.00,1.00
2017.01.11 17:06:40.702,0.71453,0.71473,1.00,1.00
2017.01.11 17:06:41.281,0.71453,0.71471,1.00,1.00
2017.01.11 17:06:41.332,0.71451,0.71471,1.00,1.00
2017.01.11 17:06:41.511,0.71453,0.71471,1.00,1.00
2017.01.11 17:06:41.662,0.71455,0.71474,1.00,1.00
2017.01.11 17:06:42.044,0.7145,0.71471,1.50,1.00
2017.01.11 17:06:42.308,0.71452,0.71474,1.00,1.50
2017.01.11 17:06:42.858,0.71452,0.71473,1.50,1.00
2017.01.11 17:06:42.959,0.71456,0.71474,1.00,1.00
2017.01.11 17:06:43.111,0.71454,0.71474,1.00,1.00
2017.01.11 17:06:43.843,0.71457,0.71476,1.00,1.50
2017.01.11 17:06:43.894,0.71454,0.71476,1.00,1.50
2017.01.11 17:06:44.046,0.71453,0.71474,1.00,1.00
2017.01.11 17:06:44.147,0.71453,0.71477,1.00,1.00
2017.01.11 17:06:44.198,0.71454,0.71474,1.00,1.00
2017.01.11 17:06:44.299,0.71455,0.71477,1.00,1.00
2017.01.11 17:06:45.025,0.71455,0.71475,1.00,1.00
2017.01.11 17:06:45.126,0.71453,0.71478,1.00,1.00
2017.01.11 17:06:45.177,0.71453,0.71474,1.00,1.00
2017.01.11 17:06:45.329,0.71455,0.71477,1.00,1.00
2017.01.11 17:06:47.150,0.71456,0.71477,1.50,1.00
2017.01.11 17:06:47.663,0.71459,0.7148,1.50,1.00
2017.01.11 17:06:47.814,0.71456,0.71478,1.50,1.00
2017.01.11 17:06:47.915,0.71455,0.71476,1.00,1.50
2017.01.11 17:06:48.066,0.71457,0.71479,1.00,1.00
2017.01.11 17:06:48.519,0.71457,0.71475,1.00,1.00
2017.01.11 17:06:48.614,0.71453,0.71475,1.00,1.00
2017.01.11 17:06:49.117,0.71454,0.71475,1.00,1.50
2017.01.11 17:06:49.361,0.71454,0.71473,1.00,1.00
2017.01.11 17:06:49.512,0.71452,0.71474,1.00,1.00
2017.01.11 17:06:49.694,0.71454,0.71474,1.00,1.00
2017.01.11 17:06:50.158,0.71453,0.71472,1.00,1.00
2017.01.11 17:06:50.510,0.71451,0.71473,1.00,1.00
2017.01.11 17:06:50.561,0.71451,0.7147,1.00,1.00
2017.01.11 17:06:50.724,0.71451,0.71473,1.00,1.00
2017.01.11 17:06:50.825,0.71449,0.71473,1.00,1.00
2017.01.11 17:06:50.926,0.71456,0.71475,1.00,1.50
2017.01.11 17:06:51.027,0.71454,0.71475,1.00,1.00
2017.01.11 17:06:51.531,0.71455,0.71475,1.00,1.00
2017.01.11 17:06:51.897,0.71452,0.71474,1.00,1.00
2017.01.11 17:06:52.402,0.71448,0.71474,1.50,1.00
2017.01.11 17:06:52.452,0.71448,0.71469,1.50,1.00
2017.01.11 17:06:52.554,0.71445,0.71469,1.50,1.00
2017.01.11 17:06:52.655,0.71447,0.71469,1.00,1.00
2017.01.11 17:06:53.232,0.71448,0.71469,1.00,1.00
2017.01.11 17:06:53.333,0.71446,0.71469,1.00,1.00
2017.01.11 17:06:53.435,0.71448,0.71469,1.00,1.00
2017.01.11 17:06:53.489,0.71448,0.71471,1.00,1.00
2017.01.11 17:06:53.540,0.71447,0.71469,1.00,1.00
2017.01.11 17:06:53.846,0.71449,0.71471,1.00,1.00
2017.01.11 17:06:54.149,0.71446,0.71469,1.00,1.00
2017.01.11 17:06:54.408,0.71444,0.71469,2.25,1.00
2017.01.11 17:06:54.509,0.71446,0.71469,1.00,1.00
2017.01.11 17:06:55.116,0.71446,0.7147,1.00,1.00
2017.01.11 17:06:55.623,0.71448,0.7147,1.00,1.50
2017.01.11 17:06:55.877,0.71448,0.71472,1.00,1.00
2017.01.11 17:06:55.928,0.71447,0.71469,1.00,1.00
2017.01.11 17:06:56.180,0.71444,0.71469,1.50,1.00
2017.01.11 17:06:56.891,0.71444,0.71468,1.00,1.00
2017.01.11 17:06:57.450,0.71444,0.71466,1.00,1.00
2017.01.11 17:06:57.601,0.71448,0.71471,1.00,2.25
2017.01.11 17:06:57.983,0.7145,0.71471,1.00,1.00
2017.01.11 17:06:58.269,0.71446,0.71468,1.50,1.00
2017.01.11 17:06:58.569,0.71448,0.71468,1.00,1.00
2017.01.11 17:06:58.720,0.71448,0.7147,1.00,1.00
2017.01.11 17:06:58.771,0.71447,0.71468,1.00,1.00
2017.01.11 17:06:58.922,0.71446,0.7147,1.00,1.00
2017.01.11 17:06:59.435,0.71445,0.7147,1.00,1.00
2017.01.11 17:06:59.901,0.71445,0.71468,1.00,1.00
2017.01.11 17:07:00.455,0.71449,0.71468,1.00,1.00
2017.01.11 17:07:00.506,0.71445,0.71468,1.00,1.00
2017.01.11 17:07:00.557,0.71441,0.71465,1.00,1.00
2017.01.11 17:07:00.673,0.71443,0.71468,1.00,1.00
2017.01.11 17:07:01.027,0.71442,0.71465,1.00,1.00
2017.01.11 17:07:01.391,0.71441,0.71462,1.00,1.00
2017.01.11 17:07:01.442,0.71445,0.71469,1.50,1.50
2017.01.11 17:07:01.544,0.71449,0.71471,1.50,1.00
2017.01.11 17:07:01.847,0.71457,0.71478,1.00,1.00
2017.01.11 17:07:02.049,0.71454,0.71478,1.00,1.00
2017.01.11 17:07:02.466,0.71455,0.71476,1.00,1.00
2017.01.11 17:07:02.993,0.71456,0.71476,1.00,1.00
2017.01.11 17:07:03.044,0.71454,0.71478,1.50,1.00
2017.01.11 17:07:03.648,0.7146,0.71481,1.00,1.00
2017.01.11 17:07:04.165,0.71461,0.71481,1.00,1.00
2017.01.11 17:07:04.828,0.71459,0.71479,1.50,1.00
2017.01.11 17:07:05.329,0.71459,0.71478,1.00,1.00
2017.01.11 17:07:05.640,0.71454,0.71475,1.00,1.00
