2011.11.17 11:00:00.455,0.70343,0.70398,2.25,3.00
2011.11.17 11:00:01.138,0.70341,0.70398,3.00,3.00
2011.11.17 11:00:01.761,0.70341,0.70397,3.00,2.25
2011.11.17 11:00:01.875,0.7034,0.70395,3.00,2.25
2011.11.17 11:00:02.611,0.70342,0.70397,3.00,3.00
2011.11.17 11:00:03.897,0.70342,0.70399,3.00,3.00
2011.11.17 11:00:04.227,0.70366,0.70402,2.63,3.00
2011.11.17 11:00:06.875,0.70366,0.70396,2.25,1.13
2011.11.17 11:00:06.985,0.70366,0.70396,2.25,1.13
2011.11.17 11:00:07.118,0.7036,0.70391,2.25,3.00
2011.11.17 11:00:07.827,0.70355,0.70386,2.25,1.13
2011.11.17 11:00:07.934,0.70348,0.70383,3.23,3.00
2011.11.17 11:00:08.276,0.70341,0.70382,3.00,2.25
2011.11.17 11:00:09.819,0.70343,0.70398,2.85,3.00
2011.11.17 11:00:13.403,0.70343,0.70394,2.85,1.50
2011.11.17 11:00:15.650,0.7034,0.70373,3.38,2.25
2011.11.17 11:00:20.815,0.7034,0.70373,3.38,2.25
2011.11.17 11:00:22.025,0.7034,0.70373,3.38,2.25
2011.11.17 11:00:22.467,0.70342,0.70376,2.25,2.25
2011.11.17 11:00:22.684,0.70342,0.70376,2.25,3.00
2011.11.17 11:00:22.805,0.7034,0.70376,2.25,3.00
2011.11.17 11:00:22.917,0.7034,0.70373,2.25,1.50
2011.11.17 11:00:23.246,0.70331,0.70374,3.00,3.00
2011.11.17 11:00:23.627,0.7033,0.70366,3.00,2.25
2011.11.17 11:00:23.737,0.70341,0.70374,2.63,3.00
2011.11.17 11:00:34.527,0.70341,0.70376,1.13,2.25
2011.11.17 11:00:35.305,0.70341,0.70375,1.13,2.25
2011.11.17 11:00:36.636,0.70341,0.70373,1.13,2.25
2011.11.17 11:00:38.950,0.7034,0.70375,4.73,3.00
2011.11.17 11:00:39.446,0.70351,0.70385,2.25,2.85
2011.11.17 11:00:39.557,0.70341,0.70379,3.00,2.25
2011.11.17 11:00:39.776,0.70342,0.70379,1.13,2.25
2011.11.17 11:00:40.108,0.7034,0.70373,2.25,2.25
2011.11.17 11:00:40.561,0.70337,0.70369,1.35,2.25
2011.11.17 11:00:41.909,0.70338,0.70372,3.23,2.25
2011.11.17 11:00:42.029,0.70342,0.70372,2.10,2.25
2011.11.17 11:00:42.257,0.70342,0.70375,2.10,3.00
2011.11.17 11:00:42.475,0.70347,0.70379,2.85,3.00
2011.11.17 11:00:43.239,0.70347,0.70379,2.85,3.00
2011.11.17 11:00:44.257,0.70349,0.70379,2.25,3.00
2011.11.17 11:00:46.189,0.70349,0.70379,2.25,3.00
2011.11.17 11:00:47.291,0.7035,0.70382,2.25,3.00
2011.11.17 11:00:48.218,0.70351,0.7038,2.25,3.00
2011.11.17 11:00:48.567,0.70351,0.7038,2.25,3.00
2011.11.17 11:00:48.728,0.70351,0.7038,2.25,2.25
2011.11.17 11:00:48.845,0.70347,0.70377,1.35,2.25
2011.11.17 11:00:48.958,0.7035,0.70377,1.13,2.25
2011.11.17 11:00:49.066,0.7035,0.70382,2.63,2.25
2011.11.17 11:00:49.288,0.7035,0.7038,2.63,2.25
2011.11.17 11:00:49.516,0.70352,0.70382,2.25,2.25
2011.11.17 11:00:52.906,0.70349,0.70381,2.25,2.25
2011.11.17 11:00:53.856,0.70348,0.7038,2.25,2.25
2011.11.17 11:00:56.700,0.70349,0.70381,2.25,2.25
2011.11.17 11:00:57.748,0.70349,0.70381,2.25,3.00
2011.11.17 11:01:04.496,0.70349,0.70381,2.25,2.25
2011.11.17 11:01:04.607,0.70352,0.70382,2.25,2.25
2011.11.17 11:01:04.937,0.70347,0.70379,2.85,3.00
2011.11.17 11:01:05.887,0.70346,0.70376,2.25,2.25
2011.11.17 11:01:07.486,0.70348,0.70377,2.25,2.25
2011.11.17 11:01:07.596,0.70347,0.70379,2.25,3.00
2011.11.17 11:01:07.708,0.70348,0.7038,2.25,3.00
2011.11.17 11:01:08.433,0.70347,0.70379,2.25,3.00
2011.11.17 11:01:08.551,0.70344,0.70377,2.85,2.25
2011.11.17 11:01:09.049,0.70343,0.70375,2.63,2.25
2011.11.17 11:01:09.699,0.70343,0.70375,2.25,2.63
2011.11.17 11:01:10.257,0.70338,0.70372,2.48,2.25
2011.11.17 11:01:11.066,0.70336,0.70372,2.63,2.25
2011.11.17 11:01:11.175,0.70333,0.70373,2.63,2.25
2011.11.17 11:01:12.138,0.7034,0.70373,2.10,2.25
2011.11.17 11:01:12.355,0.7035,0.70385,2.25,2.25
2011.11.17 11:01:12.579,0.70352,0.70385,2.25,2.25
2011.11.17 11:01:14.330,0.70358,0.70389,2.25,1.13
2011.11.17 11:01:14.557,0.70358,0.70392,2.63,2.25
2011.11.17 11:01:18.597,0.70358,0.70392,3.00,2.25
2011.11.17 11:01:18.625,0.7036,0.70392,1.35,2.25
2011.11.17 11:01:18.738,0.70367,0.70398,2.25,2.25
2011.11.17 11:01:18.845,0.70367,0.70396,2.25,2.25
2011.11.17 11:01:19.637,0.70365,0.70397,2.25,2.25
2011.11.17 11:01:20.821,0.70364,0.70396,2.25,2.25
2011.11.17 11:01:21.573,0.70366,0.70396,2.25,2.25
2011.11.17 11:01:22.248,0.70364,0.70396,2.25,2.25
2011.11.17 11:01:22.719,0.70363,0.70394,2.85,2.25
2011.11.17 11:01:23.896,0.70364,0.70393,2.25,2.25
2011.11.17 11:01:24.858,0.70363,0.70394,2.25,2.25
2011.11.17 11:01:26.669,0.70366,0.70396,2.25,2.25
2011.11.17 11:01:28.267,0.70364,0.70396,2.25,2.25
2011.11.17 11:01:28.815,0.70365,0.70397,2.25,2.25
2011.11.17 11:01:29.136,0.70364,0.70394,2.25,2.25
2011.11.17 11:01:29.687,0.70363,0.70393,2.25,2.25
2011.11.17 11:01:31.950,0.70363,0.70394,2.25,2.25
2011.11.17 11:01:33.270,0.70365,0.70397,2.25,3.00
2011.11.17 11:01:33.386,0.70365,0.70397,2.25,2.25
2011.11.17 11:01:34.198,0.70365,0.70397,2.25,3.00
2011.11.17 11:01:34.620,0.7036,0.70394,2.85,3.00
2011.11.17 11:01:35.789,0.70361,0.70397,2.85,3.00
2011.11.17 11:01:35.901,0.70352,0.70388,2.85,2.25
2011.11.17 11:01:36.017,0.70352,0.70388,2.25,3.00
2011.11.17 11:01:36.159,0.70346,0.70385,1.35,2.25
2011.11.17 11:01:37.670,0.70345,0.70384,3.00,2.25
2011.11.17 11:01:39.141,0.70346,0.70382,1.50,2.25
2011.11.17 11:01:39.686,0.70354,0.70388,2.63,3.00
2011.11.17 11:01:40.210,0.70355,0.70388,2.25,3.00
2011.11.17 11:01:40.860,0.70355,0.70387,2.25,2.25
2011.11.17 11:01:41.851,0.70352,0.70388,2.63,3.00
2011.11.17 11:01:42.753,0.70351,0.70386,2.63,2.25
2011.11.17 11:01:43.537,0.70352,0.70387,2.63,2.25
2011.11.17 11:01:46.395,0.70353,0.70387,2.63,3.00
2011.11.17 11:01:47.007,0.70351,0.70384,2.63,2.25
2011.11.17 11:01:47.651,0.70352,0.70382,2.63,2.25
2011.11.17 11:01:48.051,0.70352,0.70382,3.00,2.25
2011.11.17 11:01:48.168,0.70353,0.70389,2.63,3.00
2011.11.17 11:01:48.320,0.70351,0.70383,2.63,2.25
2011.11.17 11:01:54.607,0.70353,0.70387,2.63,2.25
2011.11.17 11:01:54.826,0.70355,0.70389,2.25,3.00
2011.11.17 11:01:55.220,0.70354,0.70388,2.25,3.00
2011.11.17 11:01:55.786,0.70346,0.70384,2.63,3.00
2011.11.17 11:01:55.918,0.70346,0.70384,2.63,3.00
2011.11.17 11:01:56.909,0.70346,0.70384,2.63,3.00
2011.11.17 11:01:59.410,0.70345,0.70384,3.00,3.00
2011.11.17 11:01:59.749,0.70346,0.70383,2.63,3.00
2011.11.17 11:02:02.015,0.70346,0.70383,3.00,3.00
2011.11.17 11:02:02.128,0.70346,0.70383,2.63,3.00
2011.11.17 11:02:02.238,0.70352,0.70387,2.25,1.13
2011.11.17 11:02:02.511,0.70345,0.70385,2.63,3.00
2011.11.17 11:02:09.407,0.70345,0.70385,2.63,3.00
2011.11.17 11:02:10.007,0.70343,0.70378,3.00,2.25
2011.11.17 11:02:10.920,0.70344,0.70378,2.63,2.25
2011.11.17 11:02:11.119,0.70344,0.7038,2.63,2.25
2011.11.17 11:02:12.568,0.70344,0.7038,2.63,3.00
2011.11.17 11:02:13.312,0.70344,0.7038,2.63,2.25
2011.11.17 11:02:13.431,0.70344,0.7038,2.63,2.25
2011.11.17 11:02:14.900,0.70344,0.7038,3.00,2.25
2011.11.17 11:02:15.236,0.7035,0.70381,3.00,2.25
2011.11.17 11:02:15.346,0.70352,0.70387,2.63,2.25
2011.11.17 11:02:16.288,0.70354,0.70388,2.63,2.25
2011.11.17 11:02:17.707,0.70353,0.70389,2.63,2.25
2011.11.17 11:02:20.679,0.70351,0.70386,1.13,2.25
2011.11.17 11:02:31.156,0.7035,0.70386,2.63,2.25
2011.11.17 11:02:31.740,0.70353,0.70386,1.13,2.25
2011.11.17 11:02:32.076,0.70347,0.70382,1.13,2.25
2011.11.17 11:02:33.662,0.70348,0.70382,1.13,2.25
2011.11.17 11:02:34.226,0.70354,0.70399,1.35,2.63
2011.11.17 11:02:34.450,0.70354,0.7039,1.35,2.25
2011.11.17 11:02:37.797,0.70347,0.7039,3.00,2.25
2011.11.17 11:02:37.909,0.70352,0.70389,1.13,2.63
2011.11.17 11:02:38.028,0.70352,0.70394,1.50,1.13
2011.11.17 11:02:38.355,0.70353,0.70388,2.63,2.25
2011.11.17 11:02:38.689,0.70362,0.70386,1.13,2.25
2011.11.17 11:02:38.806,0.70362,0.70399,1.13,2.25
2011.11.17 11:02:38.949,0.70362,0.70399,1.13,2.25
2011.11.17 11:02:39.067,0.70365,0.70409,3.00,2.25
2011.11.17 11:02:39.698,0.70365,0.70409,2.25,3.00
2011.11.17 11:02:39.805,0.70365,0.70409,3.00,2.25
2011.11.17 11:02:42.914,0.70365,0.70407,3.00,2.25
2011.11.17 11:02:43.455,0.70365,0.70406,3.00,2.25
2011.11.17 11:02:43.568,0.70363,0.70406,2.25,2.25
2011.11.17 11:02:45.661,0.70363,0.70408,2.25,3.00
2011.11.17 11:02:46.304,0.70365,0.70409,2.25,3.00
2011.11.17 11:02:49.428,0.70365,0.70409,3.00,2.25
2011.11.17 11:02:49.546,0.70365,0.70409,2.25,3.00
2011.11.17 11:02:49.657,0.70363,0.70409,2.25,3.00
2011.11.17 11:02:50.175,0.70362,0.70405,3.00,2.25
2011.11.17 11:02:50.906,0.70364,0.70405,2.25,2.25
2011.11.17 11:02:55.287,0.70364,0.70405,2.25,3.00
2011.11.17 11:02:55.861,0.70364,0.70405,2.25,3.00
2011.11.17 11:02:55.975,0.70364,0.70406,2.25,2.25
2011.11.17 11:02:56.085,0.70365,0.70406,2.25,3.00
2011.11.17 11:02:56.198,0.70364,0.70409,2.25,3.00
2011.11.17 11:02:57.848,0.70365,0.70409,2.25,3.00
2011.11.17 11:02:58.916,0.70365,0.70409,3.00,2.25
2011.11.17 11:02:59.376,0.70364,0.70406,3.00,2.25
2011.11.17 11:02:59.509,0.70364,0.70406,2.25,2.25
2011.11.17 11:02:59.625,0.70366,0.70408,2.25,2.25
2011.11.17 11:03:01.219,0.70369,0.70412,2.25,3.00
2011.11.17 11:03:01.335,0.70369,0.70412,2.25,3.00
2011.11.17 11:03:01.666,0.70361,0.70412,2.25,3.00
2011.11.17 11:03:02.419,0.70362,0.70412,2.25,3.00
2011.11.17 11:03:02.646,0.70355,0.7041,2.85,3.00
2011.11.17 11:03:03.193,0.70356,0.7041,1.35,3.00
2011.11.17 11:03:03.685,0.70359,0.70417,2.25,2.25
2011.11.17 11:03:03.960,0.70359,0.70417,3.00,2.25
2011.11.17 11:03:05.002,0.7036,0.70417,2.25,3.00
2011.11.17 11:03:05.877,0.7036,0.70417,3.00,2.25
2011.11.17 11:03:07.012,0.70358,0.70416,3.00,2.25
2011.11.17 11:03:07.128,0.70358,0.70416,3.00,3.00
2011.11.17 11:03:07.727,0.70359,0.70417,3.00,2.25
2011.11.17 11:03:07.834,0.70359,0.70417,2.25,3.00
2011.11.17 11:03:07.945,0.70362,0.70418,2.25,3.00
2011.11.17 11:03:09.431,0.70362,0.70418,3.00,3.00
2011.11.17 11:03:09.748,0.70362,0.7042,2.25,3.00
2011.11.17 11:03:10.335,0.70361,0.70402,2.25,2.25
2011.11.17 11:03:10.668,0.70361,0.70404,3.00,2.25
2011.11.17 11:03:10.997,0.70365,0.70409,2.25,3.00
2011.11.17 11:03:11.107,0.70365,0.70409,2.25,3.00
2011.11.17 11:03:11.218,0.70363,0.70409,2.25,3.00
2011.11.17 11:03:11.802,0.70355,0.70408,3.00,2.25
2011.11.17 11:03:11.917,0.70363,0.70409,2.25,3.00
2011.11.17 11:03:13.408,0.70364,0.7041,2.25,3.00
2011.11.17 11:03:15.033,0.70364,0.7041,2.25,3.00
2011.11.17 11:03:15.148,0.70364,0.70409,2.25,3.00
2011.11.17 11:03:15.649,0.70361,0.70402,3.00,2.25
2011.11.17 11:03:15.769,0.70362,0.70405,3.00,2.25
2011.11.17 11:03:15.890,0.70362,0.70405,3.00,2.25
2011.11.17 11:03:16.369,0.70362,0.70403,2.25,2.25
2011.11.17 11:03:16.487,0.70363,0.70406,2.25,2.25
2011.11.17 11:03:16.870,0.70363,0.70406,3.00,2.25
2011.11.17 11:03:17.376,0.70362,0.70405,3.00,2.25
2011.11.17 11:03:20.525,0.70362,0.70403,3.00,2.25
2011.11.17 11:03:20.725,0.70362,0.70403,3.00,2.25
2011.11.17 11:03:21.611,0.7036,0.70402,3.00,2.25
2011.11.17 11:03:22.937,0.70358,0.70401,3.00,2.25
2011.11.17 11:03:23.165,0.70357,0.70399,3.00,2.25
2011.11.17 11:03:25.118,0.70356,0.70399,3.00,2.25
2011.11.17 11:03:25.227,0.70353,0.70396,3.60,2.25
2011.11.17 11:03:25.337,0.70354,0.70404,3.00,2.25
2011.11.17 11:03:25.916,0.70376,0.70403,1.13,2.25
2011.11.17 11:03:26.026,0.70376,0.70405,1.13,2.25
2011.11.17 11:03:26.532,0.70372,0.70405,1.13,2.25
2011.11.17 11:03:26.953,0.70372,0.70399,1.13,2.25
2011.11.17 11:03:27.056,0.70371,0.70403,1.13,2.25
2011.11.17 11:03:27.987,0.70371,0.70403,1.13,2.25
2011.11.17 11:03:28.533,0.70372,0.70403,1.13,2.25
2011.11.17 11:03:29.309,0.70372,0.70403,1.13,2.25
2011.11.17 11:03:29.426,0.70373,0.70406,1.35,2.25
2011.11.17 11:03:30.479,0.70374,0.70405,1.13,2.25
2011.11.17 11:03:31.187,0.70375,0.70406,3.00,2.25
2011.11.17 11:03:31.448,0.70375,0.70406,2.25,2.25
2011.11.17 11:03:31.666,0.70371,0.70404,3.98,2.25
2011.11.17 11:03:36.007,0.70372,0.70404,1.73,2.25
2011.11.17 11:03:36.227,0.70375,0.70406,2.25,2.25
2011.11.17 11:03:37.658,0.70373,0.70407,3.23,2.25
2011.11.17 11:03:37.781,0.70374,0.70407,1.13,2.25
2011.11.17 11:03:38.052,0.70373,0.70407,3.23,2.25
2011.11.17 11:03:39.748,0.70375,0.70406,2.25,2.25
2011.11.17 11:03:41.289,0.70374,0.70407,1.13,2.25
2011.11.17 11:03:42.431,0.70373,0.70407,3.23,2.25
2011.11.17 11:03:42.550,0.70371,0.70403,1.73,2.25
2011.11.17 11:03:43.005,0.70373,0.70414,2.85,3.00
2011.11.17 11:03:43.467,0.70373,0.70414,2.85,3.00
2011.11.17 11:03:45.156,0.70374,0.70413,2.25,3.00
2011.11.17 11:03:45.766,0.70374,0.70412,2.25,1.13
2011.11.17 11:03:46.107,0.70373,0.70404,2.63,2.25
2011.11.17 11:03:49.457,0.70372,0.70403,3.38,2.25
2011.11.17 11:03:50.338,0.70372,0.70405,3.38,2.25
2011.11.17 11:03:51.850,0.70369,0.704,2.85,2.25
2011.11.17 11:03:52.190,0.70375,0.70403,2.25,2.25
2011.11.17 11:03:54.498,0.70368,0.704,3.23,3.00
2011.11.17 11:03:55.190,0.70367,0.70401,3.23,3.00
2011.11.17 11:03:57.376,0.70366,0.70398,3.98,2.25
2011.11.17 11:03:57.835,0.70369,0.704,3.23,2.25
2011.11.17 11:03:58.756,0.70367,0.70398,1.73,2.25
2011.11.17 11:03:59.085,0.70369,0.704,3.23,2.25
2011.11.17 11:04:00.120,0.70369,0.704,3.23,3.00
2011.11.17 11:04:01.247,0.70368,0.704,3.23,3.00
2011.11.17 11:04:01.466,0.70368,0.704,3.23,3.00
2011.11.17 11:04:03.737,0.70367,0.70401,3.23,3.00
2011.11.17 11:04:05.577,0.70367,0.70401,2.63,2.25
2011.11.17 11:04:05.686,0.70367,0.70401,2.63,3.00
2011.11.17 11:04:05.796,0.70365,0.70398,3.23,2.25
2011.11.17 11:04:05.906,0.70365,0.70396,3.23,2.25
2011.11.17 11:04:06.125,0.70367,0.70399,2.63,3.00
2011.11.17 11:04:06.799,0.70368,0.704,3.00,2.25
2011.11.17 11:04:06.938,0.70368,0.704,2.25,2.25
2011.11.17 11:04:07.047,0.70369,0.70408,2.25,2.25
2011.11.17 11:04:07.156,0.70369,0.70408,3.00,2.25
2011.11.17 11:04:07.378,0.70371,0.70408,1.73,2.25
2011.11.17 11:04:07.809,0.70374,0.70406,3.23,2.25
2011.11.17 11:04:09.778,0.70375,0.70406,1.13,2.25
2011.11.17 11:04:10.276,0.70375,0.70406,2.63,2.25
2011.11.17 11:04:10.898,0.70372,0.70405,3.23,2.25
2011.11.17 11:04:11.235,0.7037,0.70404,3.23,3.00
2011.11.17 11:04:11.750,0.7037,0.70404,3.23,2.25
2011.11.17 11:04:13.108,0.70372,0.70403,3.23,2.25
2011.11.17 11:04:15.277,0.70372,0.70403,3.00,2.25
2011.11.17 11:04:15.389,0.70372,0.70403,3.00,2.25
2011.11.17 11:04:15.506,0.70371,0.70404,1.13,2.25
2011.11.17 11:04:15.618,0.70373,0.70407,2.25,2.25
2011.11.17 11:04:17.247,0.70373,0.70407,3.00,2.25
2011.11.17 11:04:17.890,0.70374,0.7041,3.38,2.63
2011.11.17 11:04:18.007,0.70374,0.70407,2.63,2.25
2011.11.17 11:04:18.915,0.70375,0.70408,2.25,2.25
2011.11.17 11:04:19.299,0.70375,0.70408,3.00,2.25
2011.11.17 11:04:21.418,0.70375,0.70406,3.00,2.25
2011.11.17 11:04:21.580,0.70375,0.70406,2.25,2.25
2011.11.17 11:04:22.107,0.70376,0.70415,2.25,2.25
2011.11.17 11:04:22.547,0.70373,0.70414,2.25,2.25
2011.11.17 11:04:24.407,0.70373,0.70412,2.25,2.25
2011.11.17 11:04:25.538,0.70373,0.70412,3.00,2.25
2011.11.17 11:04:25.645,0.70373,0.70412,2.25,2.25
2011.11.17 11:04:25.977,0.7037,0.7041,1.35,2.25
2011.11.17 11:04:27.258,0.7037,0.70409,1.35,2.25
2011.11.17 11:04:30.717,0.7037,0.70409,3.00,3.00
2011.11.17 11:04:30.868,0.7037,0.70409,2.25,3.00
2011.11.17 11:04:30.975,0.70368,0.70407,3.00,2.25
2011.11.17 11:04:33.215,0.70368,0.70407,3.00,2.25
2011.11.17 11:04:33.334,0.70367,0.70406,3.00,2.25
2011.11.17 11:04:33.460,0.7037,0.70409,3.00,3.00
2011.11.17 11:04:33.576,0.7037,0.70409,2.25,3.00
2011.11.17 11:04:33.818,0.70367,0.70408,3.00,3.00
2011.11.17 11:04:34.036,0.70369,0.70408,2.25,3.00
2011.11.17 11:04:34.575,0.7037,0.70409,2.25,3.00
2011.11.17 11:04:34.688,0.7037,0.70409,2.25,3.00
2011.11.17 11:04:35.001,0.70372,0.70411,2.25,3.00
2011.11.17 11:04:38.327,0.7037,0.70411,2.25,3.00
2011.11.17 11:04:39.006,0.70368,0.70409,3.00,2.25
2011.11.17 11:04:43.109,0.70369,0.70408,3.00,2.25
2011.11.17 11:04:46.761,0.70369,0.70408,2.25,3.00
2011.11.17 11:04:47.399,0.70369,0.70408,2.25,3.60
2011.11.17 11:04:47.627,0.70363,0.70404,2.25,2.25
2011.11.17 11:04:47.735,0.70365,0.70404,2.25,3.00
2011.11.17 11:04:47.955,0.70366,0.70405,2.25,2.25
2011.11.17 11:04:50.921,0.70366,0.70405,2.25,3.00
2011.11.17 11:04:51.146,0.70355,0.70409,1.13,1.35
2011.11.17 11:04:51.256,0.70354,0.70407,1.73,1.35
2011.11.17 11:04:53.712,0.70354,0.70409,1.73,1.73
2011.11.17 11:04:53.826,0.70351,0.70407,1.35,1.35
2011.11.17 11:04:54.157,0.70351,0.70392,3.00,2.25
2011.11.17 11:04:54.648,0.70355,0.70396,2.25,2.25
2011.11.17 11:04:55.676,0.70349,0.70395,3.00,2.25
2011.11.17 11:04:56.500,0.70352,0.70394,2.25,2.25
2011.11.17 11:04:57.810,0.70353,0.70394,2.25,2.25
2011.11.17 11:05:01.590,0.70354,0.70395,2.25,2.25
2011.11.17 11:05:01.910,0.70354,0.70395,2.25,3.00
2011.11.17 11:05:04.502,0.70354,0.70395,2.25,2.25
2011.11.17 11:05:04.617,0.70354,0.70395,2.25,3.00
2011.11.17 11:05:05.132,0.70366,0.70407,2.25,3.00
2011.11.17 11:05:05.519,0.70366,0.70398,2.25,2.25
2011.11.17 11:05:05.639,0.70359,0.70392,2.25,2.25
2011.11.17 11:05:05.977,0.70359,0.70393,2.25,3.00
2011.11.17 11:05:06.086,0.7035,0.70393,2.25,3.00
2011.11.17 11:05:06.378,0.7035,0.70393,2.25,2.25
2011.11.17 11:05:07.014,0.7035,0.70393,2.25,3.00
2011.11.17 11:05:07.239,0.70349,0.7039,2.85,2.25
2011.11.17 11:05:07.359,0.70353,0.70393,2.25,2.25
2011.11.17 11:05:07.697,0.70353,0.70393,3.00,2.25
2011.11.17 11:05:07.807,0.70353,0.70393,2.25,2.25
2011.11.17 11:05:08.181,0.70351,0.7039,3.00,2.25
2011.11.17 11:05:08.849,0.70349,0.7039,3.60,2.25
2011.11.17 11:05:09.306,0.7035,0.70399,3.00,2.25
2011.11.17 11:05:09.707,0.70353,0.70402,3.00,2.25
2011.11.17 11:05:10.035,0.70355,0.70403,3.00,2.25
2011.11.17 11:05:10.148,0.70355,0.70403,3.00,2.25
2011.11.17 11:05:10.368,0.70356,0.70412,3.00,2.85
2011.11.17 11:05:11.047,0.70356,0.70412,2.25,3.00
2011.11.17 11:05:11.744,0.70357,0.70413,2.25,3.00
2011.11.17 11:05:12.011,0.70359,0.70413,2.25,2.25
2011.11.17 11:05:12.427,0.70358,0.70411,2.25,2.25
2011.11.17 11:05:13.146,0.70356,0.70412,3.00,2.25
2011.11.17 11:05:13.476,0.70352,0.70405,2.85,3.00
2011.11.17 11:05:14.760,0.70353,0.70409,2.25,3.00
2011.11.17 11:05:16.805,0.70353,0.70409,3.00,3.00
2011.11.17 11:05:16.917,0.70353,0.70409,2.25,3.00
2011.11.17 11:05:17.257,0.70355,0.70408,2.25,3.00
2011.11.17 11:05:17.365,0.70355,0.70408,3.00,3.00
2011.11.17 11:05:17.587,0.70353,0.70393,2.25,3.00
2011.11.17 11:05:21.127,0.70353,0.70394,2.25,3.00
2011.11.17 11:05:21.430,0.70356,0.70395,2.25,3.00
2011.11.17 11:05:24.159,0.70356,0.70397,2.25,3.00
2011.11.17 11:05:24.479,0.70353,0.70394,2.25,3.00
2011.11.17 11:05:24.815,0.70357,0.70396,2.25,3.00
2011.11.17 11:05:27.049,0.70357,0.70396,2.25,3.00
2011.11.17 11:05:29.418,0.70356,0.70395,2.25,3.00
2011.11.17 11:05:30.738,0.70356,0.70395,2.25,2.25
2011.11.17 11:05:30.851,0.70356,0.70397,2.25,2.25
2011.11.17 11:05:30.969,0.70357,0.70398,2.25,3.00
2011.11.17 11:05:31.311,0.70347,0.70387,2.63,1.13
2011.11.17 11:05:31.576,0.70347,0.70389,2.25,3.00
2011.11.17 11:05:31.686,0.70348,0.70381,2.25,2.25
2011.11.17 11:05:32.017,0.70331,0.70378,3.60,2.25
2011.11.17 11:05:32.237,0.70347,0.7038,2.25,2.25
2011.11.17 11:05:33.355,0.70348,0.70388,2.25,2.25
2011.11.17 11:05:34.547,0.70352,0.70391,2.25,3.60
2011.11.17 11:05:35.020,0.70349,0.7038,2.25,2.25
2011.11.17 11:05:35.147,0.70348,0.70382,2.25,2.63
2011.11.17 11:05:35.480,0.70348,0.70382,2.25,3.38
2011.11.17 11:05:35.706,0.70348,0.70382,2.25,2.63
2011.11.17 11:05:36.621,0.70351,0.70383,2.25,3.38
2011.11.17 11:05:37.359,0.70352,0.70382,2.25,1.13
2011.11.17 11:05:37.466,0.70347,0.7038,2.25,3.00
2011.11.17 11:05:39.047,0.70347,0.7038,2.25,2.25
2011.11.17 11:05:39.609,0.70345,0.70379,2.63,2.25
2011.11.17 11:05:40.268,0.70346,0.70381,3.38,2.25
2011.11.17 11:05:40.375,0.70346,0.70378,1.13,2.25
2011.11.17 11:05:43.528,0.70345,0.70379,2.63,3.00
2011.11.17 11:05:44.783,0.70346,0.70379,1.13,2.25
2011.11.17 11:05:45.106,0.70346,0.70377,2.63,2.25
2011.11.17 11:05:45.616,0.70345,0.70379,2.25,3.00
2011.11.17 11:05:45.878,0.70346,0.70387,2.25,3.00
2011.11.17 11:05:50.675,0.70346,0.70387,2.25,2.25
2011.11.17 11:05:50.896,0.7035,0.70389,2.25,3.00
2011.11.17 11:05:51.362,0.70346,0.70387,2.25,3.00
2011.11.17 11:05:52.846,0.70346,0.70387,3.00,2.25
2011.11.17 11:05:52.958,0.70346,0.70385,3.00,2.25
2011.11.17 11:05:53.307,0.70346,0.70387,3.00,2.25
2011.11.17 11:05:53.526,0.70347,0.70393,3.00,3.00
2011.11.17 11:05:54.805,0.70347,0.70393,3.00,3.00
2011.11.17 11:05:56.058,0.70347,0.70393,3.00,2.25
2011.11.17 11:05:56.175,0.70347,0.70393,2.25,3.00
2011.11.17 11:05:57.888,0.70347,0.70393,2.25,3.00
2011.11.17 11:05:58.108,0.70348,0.70396,2.25,3.00
2011.11.17 11:05:58.272,0.70348,0.70396,2.25,3.00
2011.11.17 11:06:00.688,0.70344,0.70391,2.25,3.00
2011.11.17 11:06:00.796,0.70346,0.70394,2.25,3.00
2011.11.17 11:06:02.526,0.70344,0.70391,2.25,3.00
2011.11.17 11:06:02.657,0.70347,0.70393,2.25,3.00
2011.11.17 11:06:03.299,0.70347,0.70393,2.25,3.00
2011.11.17 11:06:03.526,0.70347,0.70393,2.25,2.25
2011.11.17 11:06:03.638,0.70347,0.70389,2.25,1.50
2011.11.17 11:06:03.966,0.70342,0.70371,3.00,2.25
2011.11.17 11:06:04.077,0.70346,0.70385,2.85,3.00
2011.11.17 11:06:06.078,0.70347,0.70386,2.85,2.25
2011.11.17 11:06:06.186,0.70347,0.70386,2.85,3.00
2011.11.17 11:06:12.311,0.70347,0.70386,2.85,3.00
2011.11.17 11:06:12.428,0.70347,0.70386,2.85,2.25
2011.11.17 11:06:12.998,0.70349,0.70388,2.25,2.25
2011.11.17 11:06:16.659,0.70349,0.70388,2.25,3.00
2011.11.17 11:06:17.276,0.70349,0.70388,2.25,3.00
2011.11.17 11:06:17.479,0.70345,0.70384,2.25,3.00
2011.11.17 11:06:18.690,0.70345,0.70384,2.25,3.00
2011.11.17 11:06:18.998,0.70348,0.70389,2.25,3.00
2011.11.17 11:06:19.870,0.70348,0.70384,2.25,1.13
2011.11.17 11:06:20.278,0.70347,0.70381,2.25,3.00
2011.11.17 11:06:20.606,0.70341,0.70373,2.63,2.25
2011.11.17 11:06:21.418,0.7034,0.70372,2.63,2.25
2011.11.17 11:06:21.527,0.70345,0.70378,2.25,2.25
2011.11.17 11:06:21.745,0.70347,0.70379,2.25,3.00
2011.11.17 11:06:22.304,0.70346,0.70378,2.25,2.25
2011.11.17 11:06:23.151,0.70347,0.70379,2.25,3.00
2011.11.17 11:06:25.688,0.70347,0.70379,2.25,3.00
2011.11.17 11:06:25.906,0.70345,0.70379,2.63,3.00
2011.11.17 11:06:29.235,0.70345,0.70379,2.63,3.00
2011.11.17 11:06:30.039,0.70346,0.7038,2.25,3.00
2011.11.17 11:06:35.408,0.70346,0.7038,2.25,3.00
2011.11.17 11:06:35.740,0.70346,0.7038,2.25,3.00
2011.11.17 11:06:41.633,0.70346,0.7038,2.25,3.00
2011.11.17 11:06:44.379,0.70332,0.70377,2.10,3.00
2011.11.17 11:06:44.497,0.70338,0.70379,2.85,3.00
2011.11.17 11:06:44.607,0.70334,0.70373,2.85,3.00
2011.11.17 11:06:44.748,0.70334,0.70373,2.85,3.00
2011.11.17 11:06:44.931,0.70334,0.70373,2.85,3.00
2011.11.17 11:06:45.790,0.70332,0.70371,2.25,3.00
2011.11.17 11:06:47.668,0.70332,0.70371,2.25,2.25
2011.11.17 11:06:49.311,0.70332,0.70371,2.25,3.00
2011.11.17 11:06:49.552,0.70332,0.70371,3.00,2.25
2011.11.17 11:06:49.876,0.70333,0.70374,2.25,3.00
2011.11.17 11:06:49.987,0.70333,0.70374,2.25,3.00
2011.11.17 11:06:51.251,0.70333,0.70374,2.25,3.00
2011.11.17 11:06:52.541,0.70333,0.70374,2.25,3.00
2011.11.17 11:06:52.648,0.70333,0.70374,2.25,3.00
2011.11.17 11:06:52.806,0.70332,0.70371,3.00,2.25
2011.11.17 11:06:53.672,0.70332,0.70371,2.25,3.00
2011.11.17 11:06:54.000,0.70332,0.70371,2.25,2.25
2011.11.17 11:06:56.348,0.70332,0.70371,2.25,3.00
2011.11.17 11:06:56.839,0.70331,0.70369,2.25,2.25
2011.11.17 11:06:56.957,0.70328,0.70369,2.25,2.25
2011.11.17 11:06:57.176,0.70326,0.70367,2.25,2.25
2011.11.17 11:06:58.065,0.70323,0.70362,2.25,2.25
2011.11.17 11:06:58.416,0.70328,0.70367,2.25,2.25
2011.11.17 11:07:03.006,0.7033,0.70369,2.25,3.00
2011.11.17 11:07:03.821,0.70329,0.7037,2.25,3.00
2011.11.17 11:07:05.655,0.70328,0.70369,2.25,3.00
2011.11.17 11:07:06.026,0.70326,0.70367,3.00,2.25
2011.11.17 11:07:06.884,0.70322,0.70361,2.85,2.25
2011.11.17 11:07:07.216,0.70326,0.70357,1.13,2.25
2011.11.17 11:07:07.639,0.70325,0.70366,3.00,2.25
2011.11.17 11:07:07.757,0.70334,0.70366,2.63,2.25
2011.11.17 11:07:10.011,0.70334,0.70373,2.25,2.25
2011.11.17 11:07:10.126,0.70334,0.70373,2.25,3.00
2011.11.17 11:07:10.236,0.70334,0.70373,2.25,3.00
2011.11.17 11:07:10.460,0.70326,0.70369,2.85,3.00
2011.11.17 11:07:10.776,0.70327,0.70369,2.85,3.00
2011.11.17 11:07:11.246,0.70327,0.70369,2.85,3.00
2011.11.17 11:07:12.484,0.70327,0.70369,2.25,3.00
2011.11.17 11:07:12.597,0.70327,0.70369,2.25,3.00
2011.11.17 11:07:12.925,0.70331,0.70372,2.25,3.00
2011.11.17 11:07:13.037,0.70331,0.70372,2.25,3.00
2011.11.17 11:07:13.256,0.7033,0.70369,2.25,3.00
2011.11.17 11:07:13.458,0.70328,0.70369,2.25,3.00
2011.11.17 11:07:15.642,0.7033,0.70369,2.25,3.00
2011.11.17 11:07:16.370,0.70327,0.70368,3.00,3.00
2011.11.17 11:07:16.480,0.70327,0.70368,2.25,3.00
2011.11.17 11:07:16.893,0.7033,0.70369,2.25,3.00
2011.11.17 11:07:17.008,0.70332,0.70371,2.25,3.00
2011.11.17 11:07:18.188,0.70332,0.70371,2.25,3.00
2011.11.17 11:07:18.308,0.70332,0.70371,2.25,3.00
2011.11.17 11:07:21.160,0.70332,0.70371,2.25,3.00
2011.11.17 11:07:23.371,0.70331,0.7037,2.25,3.00
2011.11.17 11:07:23.678,0.70329,0.7037,2.25,3.00
2011.11.17 11:07:32.849,0.70329,0.7037,2.85,3.00
2011.11.17 11:07:33.189,0.70333,0.70372,1.35,3.00
2011.11.17 11:07:33.705,0.70334,0.70371,2.63,1.13
2011.11.17 11:07:33.801,0.70336,0.70371,2.25,1.13
2011.11.17 11:07:34.026,0.70327,0.70359,2.25,3.00
2011.11.17 11:07:34.699,0.70327,0.70359,2.25,3.00
2011.11.17 11:07:37.168,0.70327,0.70359,2.25,3.00
2011.11.17 11:07:38.108,0.70327,0.70359,2.25,3.00
2011.11.17 11:07:38.219,0.70321,0.70355,2.63,2.25
2011.11.17 11:07:38.558,0.70318,0.7035,2.25,2.25
2011.11.17 11:07:39.158,0.70321,0.70364,1.73,3.00
2011.11.17 11:07:39.261,0.70325,0.70364,1.35,2.25
2011.11.17 11:07:39.378,0.70325,0.70366,3.60,2.25
2011.11.17 11:07:39.840,0.70328,0.70367,2.25,3.00
2011.11.17 11:07:40.153,0.7033,0.70369,2.25,3.00
2011.11.17 11:07:41.178,0.70329,0.7037,2.25,3.00
2011.11.17 11:07:42.791,0.70329,0.7037,2.25,3.00
2011.11.17 11:07:43.456,0.70329,0.70366,2.25,1.13
2011.11.17 11:07:44.495,0.70328,0.70362,2.63,3.00
2011.11.17 11:07:45.316,0.70329,0.7037,2.25,3.00
2011.11.17 11:07:46.102,0.70331,0.7037,2.25,3.00
2011.11.17 11:07:46.326,0.70329,0.70368,2.25,3.00
2011.11.17 11:07:46.990,0.70329,0.70368,2.25,3.00
2011.11.17 11:07:47.110,0.70328,0.70369,2.25,3.00
2011.11.17 11:07:47.228,0.70328,0.70369,2.25,3.00
2011.11.17 11:07:47.917,0.7033,0.70369,2.25,3.00
2011.11.17 11:07:48.457,0.7033,0.70369,2.25,3.00
2011.11.17 11:07:48.567,0.70328,0.70367,2.25,3.00
2011.11.17 11:07:48.676,0.70328,0.70367,2.25,2.25
2011.11.17 11:07:48.806,0.70326,0.70367,2.85,2.25
2011.11.17 11:07:50.331,0.70325,0.70364,2.85,2.25
2011.11.17 11:07:50.859,0.70325,0.70364,2.85,3.00
2011.11.17 11:07:51.276,0.70325,0.70363,3.23,1.13
2011.11.17 11:07:51.498,0.70324,0.70356,2.85,2.25
2011.11.17 11:07:51.618,0.70324,0.70365,2.85,3.00
2011.11.17 11:07:52.044,0.70324,0.70365,2.85,3.00
2011.11.17 11:07:52.796,0.70327,0.70366,2.25,3.00
2011.11.17 11:07:54.891,0.70327,0.70366,2.25,3.00
2011.11.17 11:07:56.716,0.70327,0.70366,2.25,3.00
2011.11.17 11:07:57.129,0.70327,0.70366,2.25,3.00
2011.11.17 11:07:58.481,0.70327,0.70366,2.25,2.25
2011.11.17 11:07:58.708,0.70323,0.70362,2.85,2.25
2011.11.17 11:07:59.569,0.70323,0.70362,2.25,2.25
2011.11.17 11:07:59.906,0.70321,0.7036,2.25,2.25
2011.11.17 11:08:01.197,0.70321,0.7036,2.25,3.00
2011.11.17 11:08:06.670,0.70318,0.70359,2.25,3.00
2011.11.17 11:08:07.200,0.70319,0.7036,2.25,2.25
2011.11.17 11:08:07.316,0.70317,0.70358,3.60,2.25
2011.11.17 11:08:07.648,0.70316,0.70355,1.35,2.25
2011.11.17 11:08:07.976,0.70315,0.70354,2.25,2.25
2011.11.17 11:08:09.886,0.7031,0.70353,3.60,2.25
2011.11.17 11:08:12.284,0.70312,0.70352,3.00,2.25
2011.11.17 11:08:13.499,0.70311,0.7035,3.00,2.25
2011.11.17 11:08:13.621,0.70312,0.70359,3.00,2.25
2011.11.17 11:08:14.069,0.70311,0.70359,3.00,3.00
2011.11.17 11:08:14.175,0.70311,0.7035,3.00,2.25
2011.11.17 11:08:15.131,0.70311,0.70351,3.00,2.25
2011.11.17 11:08:15.797,0.7031,0.70349,2.25,2.25
2011.11.17 11:08:16.121,0.7031,0.70349,3.00,2.25
2011.11.17 11:08:16.940,0.7031,0.70349,3.00,2.25
2011.11.17 11:08:19.247,0.7031,0.70349,3.00,2.25
2011.11.17 11:08:19.460,0.7031,0.70349,3.00,2.25
2011.11.17 11:08:20.013,0.7031,0.70349,3.00,2.25
2011.11.17 11:08:20.439,0.7031,0.70349,3.00,2.25
2011.11.17 11:08:21.289,0.70311,0.70351,3.00,2.25
2011.11.17 11:08:21.766,0.70312,0.7035,2.25,3.00
2011.11.17 11:08:22.769,0.70312,0.7035,3.00,2.25
2011.11.17 11:08:23.982,0.7031,0.70351,3.00,2.25
2011.11.17 11:08:24.212,0.70305,0.70346,2.25,2.25
2011.11.17 11:08:24.328,0.70305,0.70344,2.25,2.25
2011.11.17 11:08:24.656,0.70303,0.70346,2.63,2.25
2011.11.17 11:08:24.770,0.70302,0.70345,3.00,2.25
2011.11.17 11:08:25.574,0.70301,0.70344,3.00,2.25
2011.11.17 11:08:25.687,0.70301,0.70344,3.00,2.25
2011.11.17 11:08:25.798,0.70301,0.70347,3.00,2.25
2011.11.17 11:08:25.907,0.703,0.70345,3.00,2.25
2011.11.17 11:08:26.560,0.70301,0.70346,3.00,2.25
2011.11.17 11:08:27.171,0.70301,0.70346,3.00,2.25
2011.11.17 11:08:27.287,0.70301,0.70346,3.00,2.25
2011.11.17 11:08:28.327,0.70302,0.70347,3.00,2.25
2011.11.17 11:08:28.917,0.70304,0.70346,3.00,2.25
2011.11.17 11:08:29.026,0.70304,0.70346,2.25,2.25
2011.11.17 11:08:29.135,0.70306,0.70355,2.25,3.00
2011.11.17 11:08:29.246,0.70306,0.70355,3.00,2.25
2011.11.17 11:08:29.577,0.70315,0.7035,1.13,2.25
2011.11.17 11:08:29.689,0.70318,0.70357,2.63,2.63
2011.11.17 11:08:30.424,0.70317,0.70349,1.13,2.25
2011.11.17 11:08:30.531,0.70316,0.70357,2.25,2.25
2011.11.17 11:08:30.757,0.7032,0.70361,2.25,2.25
2011.11.17 11:08:31.929,0.7032,0.70361,2.25,3.00
2011.11.17 11:08:34.136,0.7032,0.70361,2.25,2.25
2011.11.17 11:08:34.372,0.70319,0.70359,2.25,2.25
2011.11.17 11:08:34.770,0.70321,0.70362,2.25,3.00
2011.11.17 11:08:34.997,0.70323,0.70363,2.25,2.25
2011.11.17 11:08:35.619,0.70326,0.70365,2.25,3.00
2011.11.17 11:08:36.023,0.70328,0.70369,2.25,3.00
2011.11.17 11:08:36.249,0.70328,0.70369,2.25,3.00
2011.11.17 11:08:36.367,0.70328,0.70369,2.25,3.00
2011.11.17 11:08:36.477,0.70328,0.70369,2.25,3.00
2011.11.17 11:08:37.558,0.70328,0.70369,2.25,3.00
2011.11.17 11:08:37.768,0.70328,0.70369,2.25,3.00
2011.11.17 11:08:38.272,0.70328,0.70369,2.25,3.00
2011.11.17 11:08:38.872,0.70327,0.70368,3.00,3.00
2011.11.17 11:08:39.414,0.70328,0.70367,2.25,2.25
2011.11.17 11:08:39.640,0.7033,0.70369,2.25,3.00
2011.11.17 11:08:40.172,0.70329,0.70368,2.25,3.00
2011.11.17 11:08:41.030,0.70329,0.7037,2.25,3.00
2011.11.17 11:08:41.367,0.70328,0.70367,2.25,2.25
2011.11.17 11:08:41.836,0.70328,0.70367,2.25,3.00
2011.11.17 11:08:41.949,0.70328,0.70367,2.25,2.25
2011.11.17 11:08:42.952,0.70328,0.70367,2.25,3.00
2011.11.17 11:08:43.120,0.70328,0.70367,2.25,2.25
2011.11.17 11:08:43.688,0.70328,0.70367,3.00,2.25
2011.11.17 11:08:44.271,0.70328,0.70367,2.25,2.25
2011.11.17 11:08:45.350,0.70328,0.70369,2.25,3.00
2011.11.17 11:08:46.320,0.70329,0.70368,2.25,2.25
2011.11.17 11:08:47.630,0.7033,0.70369,2.25,3.00
2011.11.17 11:08:48.959,0.7033,0.70369,2.25,3.00
2011.11.17 11:08:49.077,0.7033,0.70369,2.25,3.00
2011.11.17 11:08:49.760,0.7033,0.70369,2.25,3.00
2011.11.17 11:08:50.607,0.70322,0.70368,3.60,3.00
2011.11.17 11:08:51.046,0.70329,0.7037,2.25,3.00
2011.11.17 11:08:51.489,0.70327,0.70366,2.25,2.25
2011.11.17 11:08:51.831,0.70326,0.70371,2.25,3.00
2011.11.17 11:08:52.338,0.70322,0.70363,2.25,3.00
2011.11.17 11:08:53.688,0.70317,0.70358,3.00,2.25
2011.11.17 11:08:53.797,0.70319,0.7036,2.25,2.25
2011.11.17 11:08:54.477,0.7032,0.70361,2.25,2.25
2011.11.17 11:08:55.819,0.7032,0.70359,2.25,2.25
2011.11.17 11:08:56.412,0.7032,0.70361,3.00,2.25
2011.11.17 11:08:58.488,0.7032,0.70361,2.25,3.00
2011.11.17 11:08:58.837,0.70319,0.7036,3.00,2.25
2011.11.17 11:08:58.946,0.70319,0.7036,2.25,3.00
2011.11.17 11:08:59.161,0.70317,0.70358,3.00,3.00
2011.11.17 11:08:59.283,0.70317,0.70358,2.25,3.00
2011.11.17 11:09:00.055,0.70317,0.70358,3.00,3.00
2011.11.17 11:09:01.878,0.70318,0.70359,2.25,3.00
2011.11.17 11:09:04.070,0.70318,0.70357,2.25,2.25
2011.11.17 11:09:04.191,0.70318,0.70357,3.00,2.25
2011.11.17 11:09:05.389,0.70316,0.70355,3.00,2.25
2011.11.17 11:09:05.506,0.70315,0.70361,3.00,2.25
2011.11.17 11:09:05.970,0.70315,0.70361,3.00,2.25
2011.11.17 11:09:06.168,0.70315,0.70361,3.00,2.25
2011.11.17 11:09:06.884,0.70316,0.70362,3.00,2.25
2011.11.17 11:09:08.287,0.70316,0.70362,3.00,2.25
2011.11.17 11:09:08.778,0.70315,0.70362,2.25,3.00
2011.11.17 11:09:09.038,0.70317,0.70365,2.25,3.38
2011.11.17 11:09:09.259,0.70312,0.70355,2.25,2.25
2011.11.17 11:09:10.680,0.70313,0.70353,2.25,2.25
2011.11.17 11:09:11.728,0.70313,0.70354,2.25,2.25
2011.11.17 11:09:12.871,0.70312,0.70354,3.00,2.25
2011.11.17 11:09:13.941,0.70312,0.70354,3.00,2.25
2011.11.17 11:09:14.279,0.70312,0.70354,3.00,2.25
2011.11.17 11:09:14.809,0.70312,0.70354,3.00,2.25
2011.11.17 11:09:18.410,0.70312,0.70356,3.00,2.25
2011.11.17 11:09:19.427,0.70312,0.70355,3.00,2.25
2011.11.17 11:09:23.949,0.70313,0.70355,2.25,2.25
2011.11.17 11:09:25.928,0.70313,0.70355,2.25,3.00
2011.11.17 11:09:26.698,0.70313,0.70355,2.25,2.25
2011.11.17 11:09:28.131,0.70313,0.70355,2.25,3.00
2011.11.17 11:09:30.967,0.70313,0.70357,2.25,3.00
2011.11.17 11:09:31.276,0.70314,0.70357,2.25,3.00
2011.11.17 11:09:31.388,0.70305,0.70357,2.25,3.00
2011.11.17 11:09:31.497,0.70305,0.70357,3.00,3.00
2011.11.17 11:09:31.619,0.70305,0.70357,3.00,2.25
2011.11.17 11:09:32.382,0.70313,0.70358,2.25,3.00
2011.11.17 11:09:32.936,0.70312,0.70358,2.25,3.00
2011.11.17 11:09:37.336,0.70312,0.70358,3.00,3.00
2011.11.17 11:09:38.986,0.70313,0.70358,2.25,3.00
2011.11.17 11:09:39.239,0.70313,0.70358,2.25,3.00
2011.11.17 11:09:40.746,0.70312,0.70358,2.25,3.00
2011.11.17 11:09:42.875,0.70312,0.70357,3.00,2.25
2011.11.17 11:09:43.207,0.70315,0.70353,1.13,2.25
2011.11.17 11:09:43.487,0.70312,0.70353,3.00,2.25
2011.11.17 11:09:44.876,0.70312,0.70362,3.00,2.25
2011.11.17 11:09:45.096,0.70314,0.70369,3.00,2.25
2011.11.17 11:09:45.206,0.70314,0.70369,2.25,3.00
2011.11.17 11:09:49.048,0.70313,0.70369,2.25,3.00
2011.11.17 11:09:49.199,0.70313,0.70369,2.25,3.00
2011.11.17 11:09:53.761,0.70313,0.70369,2.25,3.00
2011.11.17 11:09:54.349,0.70314,0.70369,2.25,3.00
2011.11.17 11:09:54.936,0.70316,0.70372,2.25,3.00
2011.11.17 11:09:57.277,0.70316,0.70372,3.00,3.00
2011.11.17 11:09:58.330,0.70316,0.70372,2.25,3.00
2011.11.17 11:09:58.446,0.7031,0.70363,3.00,3.00
2011.11.17 11:09:58.669,0.70314,0.70369,2.25,3.00
2011.11.17 11:09:59.448,0.70313,0.7037,2.25,3.00
2011.11.17 11:09:59.660,0.70313,0.7037,3.00,2.25
2011.11.17 11:10:01.558,0.70323,0.70365,1.13,2.25
2011.11.17 11:10:01.669,0.70327,0.70368,3.00,2.25
2011.11.17 11:10:01.888,0.70326,0.70365,3.00,2.25
2011.11.17 11:10:02.106,0.70324,0.70365,2.25,2.25
2011.11.17 11:10:02.217,0.70321,0.70362,3.00,2.25
2011.11.17 11:10:02.577,0.70322,0.7036,2.25,2.25
2011.11.17 11:10:03.423,0.70322,0.7036,3.00,2.25
2011.11.17 11:10:03.734,0.70322,0.7036,2.25,2.25
2011.11.17 11:10:03.847,0.70322,0.70363,2.25,3.00
2011.11.17 11:10:03.957,0.70322,0.70363,3.00,2.25
2011.11.17 11:10:04.285,0.70322,0.70363,2.25,2.25
2011.11.17 11:10:04.397,0.70322,0.70361,2.25,2.25
2011.11.17 11:10:04.837,0.70322,0.70363,2.25,2.25
2011.11.17 11:10:07.919,0.70321,0.70362,3.00,2.25
2011.11.17 11:10:08.662,0.70321,0.70362,2.25,3.00
2011.11.17 11:10:08.777,0.70321,0.70362,2.25,2.25
2011.11.17 11:10:08.888,0.70325,0.70364,2.25,3.00
2011.11.17 11:10:09.580,0.70323,0.70364,2.25,3.00
2011.11.17 11:10:11.131,0.70328,0.70367,2.25,3.00
2011.11.17 11:10:16.840,0.70325,0.70366,2.25,3.00
2011.11.17 11:10:17.139,0.70328,0.70367,2.25,3.00
2011.11.17 11:10:19.951,0.70328,0.70367,2.25,3.00
2011.11.17 11:10:22.150,0.70328,0.70367,2.25,3.00
2011.11.17 11:10:22.266,0.70328,0.70367,2.25,3.00
2011.11.17 11:10:27.679,0.70328,0.70367,2.25,3.00
2011.11.17 11:10:27.906,0.70324,0.70363,2.25,3.00
2011.11.17 11:10:28.017,0.7033,0.70371,2.25,3.60
2011.11.17 11:10:28.347,0.70326,0.70365,2.25,3.00
2011.11.17 11:10:36.808,0.70326,0.70365,2.25,3.00
2011.11.17 11:10:38.020,0.70326,0.70365,2.25,2.25
2011.11.17 11:10:38.139,0.70324,0.70363,2.25,2.25
2011.11.17 11:10:38.806,0.70326,0.70371,3.00,1.35
2011.11.17 11:10:39.059,0.70325,0.70364,3.00,2.25
2011.11.17 11:10:39.348,0.70325,0.70364,2.25,3.00
2011.11.17 11:10:43.140,0.70325,0.70364,3.00,2.25
2011.11.17 11:10:43.466,0.70321,0.70362,3.00,2.25
2011.11.17 11:10:43.577,0.70321,0.70362,3.00,2.25
2011.11.17 11:10:43.797,0.70325,0.70364,2.25,3.00
2011.11.17 11:10:44.188,0.70317,0.70355,1.35,2.25
2011.11.17 11:10:44.778,0.70312,0.70351,3.00,2.25
2011.11.17 11:10:44.891,0.70306,0.70354,1.35,2.25
2011.11.17 11:10:45.007,0.70306,0.70354,1.35,2.25
2011.11.17 11:10:45.118,0.70308,0.70354,3.00,2.25
2011.11.17 11:10:45.230,0.70308,0.70354,3.00,2.25
2011.11.17 11:10:45.567,0.70307,0.70353,3.00,2.25
2011.11.17 11:10:45.677,0.70307,0.70353,3.00,2.25
2011.11.17 11:10:45.992,0.70307,0.70353,3.00,2.25
2011.11.17 11:10:46.714,0.70307,0.70353,3.00,2.25
2011.11.17 11:10:47.498,0.70307,0.70353,3.38,3.75
2011.11.17 11:10:47.797,0.70307,0.70353,3.00,2.25
2011.11.17 11:10:48.147,0.70307,0.70353,3.00,2.25
2011.11.17 11:10:48.875,0.70316,0.70352,2.25,2.25
2011.11.17 11:10:49.636,0.70309,0.7035,2.25,2.25
2011.11.17 11:10:49.919,0.70309,0.7035,3.00,2.25
2011.11.17 11:10:50.037,0.70316,0.70352,2.63,2.63
2011.11.17 11:10:50.256,0.70316,0.70352,3.00,2.25
2011.11.17 11:10:50.589,0.70324,0.70357,2.25,2.25
2011.11.17 11:10:51.068,0.70324,0.70355,2.25,3.00
2011.11.17 11:10:52.497,0.70324,0.70357,2.25,3.00
2011.11.17 11:10:52.607,0.70316,0.70355,2.85,3.00
2011.11.17 11:10:52.717,0.70316,0.70355,2.85,2.25
2011.11.17 11:10:53.118,0.70316,0.70355,2.85,3.00
2011.11.17 11:10:53.337,0.70316,0.70355,2.25,3.00
2011.11.17 11:10:54.239,0.70316,0.70355,3.00,2.25
2011.11.17 11:10:54.725,0.70316,0.70355,3.00,3.00
2011.11.17 11:10:55.942,0.70324,0.70357,2.25,2.25
2011.11.17 11:10:57.387,0.70324,0.70357,2.25,3.00
2011.11.17 11:10:57.768,0.70324,0.70336,2.25,1.35
2011.11.17 11:10:57.999,0.70302,0.70343,1.35,1.50
2011.11.17 11:10:58.105,0.70302,0.70349,1.35,1.35
2011.11.17 11:10:58.215,0.70302,0.70346,1.35,1.13
2011.11.17 11:10:59.089,0.70301,0.70339,2.85,1.13
2011.11.17 11:10:59.208,0.70297,0.70338,1.73,1.13
2011.11.17 11:10:59.704,0.703,0.70328,2.25,2.25
2011.11.17 11:11:00.640,0.70294,0.70324,2.25,2.25
2011.11.17 11:11:00.757,0.70294,0.70324,3.00,2.25
2011.11.17 11:11:01.178,0.703,0.70328,2.25,2.25
2011.11.17 11:11:01.507,0.70301,0.7033,2.25,2.25
2011.11.17 11:11:02.347,0.70296,0.70326,2.25,2.25
2011.11.17 11:11:02.967,0.70296,0.70326,3.75,2.25
2011.11.17 11:11:03.186,0.70303,0.70336,2.25,3.00
2011.11.17 11:11:03.460,0.70303,0.70336,2.25,2.25
2011.11.17 11:11:03.578,0.70303,0.70336,2.25,3.00
2011.11.17 11:11:04.295,0.70303,0.70336,2.25,2.25
2011.11.17 11:11:05.750,0.70304,0.70338,2.25,1.13
2011.11.17 11:11:05.976,0.70304,0.70335,2.25,2.25
2011.11.17 11:11:06.721,0.70304,0.70335,2.25,3.00
2011.11.17 11:11:07.778,0.70304,0.70333,2.25,1.13
2011.11.17 11:11:07.890,0.70301,0.7033,2.25,3.00
2011.11.17 11:11:08.528,0.70302,0.70332,2.25,2.25
2011.11.17 11:11:08.638,0.70302,0.70329,2.25,2.25
2011.11.17 11:11:08.856,0.70303,0.70331,2.25,2.25
2011.11.17 11:11:08.969,0.70298,0.70326,2.85,2.25
2011.11.17 11:11:09.417,0.70297,0.70323,1.50,2.25
2011.11.17 11:11:09.529,0.70304,0.70338,2.25,3.00
2011.11.17 11:11:09.976,0.70304,0.70338,2.63,2.25
2011.11.17 11:11:10.605,0.70309,0.70341,2.63,3.00
2011.11.17 11:11:10.952,0.70302,0.7033,3.00,2.25
2011.11.17 11:11:11.188,0.70308,0.70339,2.25,1.35
2011.11.17 11:11:12.238,0.70308,0.70342,2.25,3.00
2011.11.17 11:11:12.346,0.70307,0.70335,2.25,2.25
2011.11.17 11:11:14.337,0.70308,0.70336,2.25,2.25
2011.11.17 11:11:14.989,0.70305,0.70332,2.25,2.25
2011.11.17 11:11:15.220,0.70307,0.70337,2.25,2.25
2011.11.17 11:11:16.629,0.70307,0.70337,2.25,3.00
2011.11.17 11:11:16.858,0.70294,0.70322,2.25,2.25
2011.11.17 11:11:16.967,0.70294,0.70322,4.73,2.25
2011.11.17 11:11:17.078,0.70301,0.70332,2.25,2.25
2011.11.17 11:11:19.608,0.70297,0.70327,3.00,2.25
2011.11.17 11:11:26.018,0.70295,0.70323,3.00,2.25
2011.11.17 11:11:27.266,0.70295,0.70323,3.00,2.25
2011.11.17 11:11:27.841,0.70295,0.70323,2.25,2.25
2011.11.17 11:11:28.532,0.70294,0.70323,2.25,2.25
2011.11.17 11:11:37.949,0.70291,0.7032,2.25,2.25
2011.11.17 11:11:38.427,0.70288,0.70317,2.85,2.25
2011.11.17 11:11:39.776,0.70289,0.70316,2.85,2.25
2011.11.17 11:11:42.141,0.70291,0.7032,2.25,2.25
2011.11.17 11:11:42.256,0.70289,0.70317,2.85,2.25
2011.11.17 11:11:44.368,0.70288,0.70317,2.25,2.25
2011.11.17 11:11:44.476,0.70286,0.70316,2.25,2.25
2011.11.17 11:11:45.419,0.70284,0.70312,2.25,2.25
2011.11.17 11:11:46.162,0.70282,0.70312,2.25,2.25
2011.11.17 11:11:46.303,0.70282,0.7031,2.25,2.25
2011.11.17 11:11:46.859,0.70281,0.70309,3.00,2.25
2011.11.17 11:11:47.170,0.70281,0.70311,3.00,2.25
2011.11.17 11:11:47.289,0.7028,0.70308,3.00,2.25
2011.11.17 11:11:47.508,0.70277,0.70308,3.00,2.25
2011.11.17 11:11:48.446,0.70279,0.70307,2.25,2.25
2011.11.17 11:11:49.567,0.70278,0.70307,2.25,2.25
2011.11.17 11:11:50.142,0.70282,0.70307,2.10,2.25
2011.11.17 11:11:50.478,0.70292,0.7032,3.00,2.25
2011.11.17 11:11:51.021,0.70297,0.70325,2.63,2.25
2011.11.17 11:11:51.140,0.703,0.70338,2.63,2.85
2011.11.17 11:11:51.258,0.703,0.70339,3.23,3.38
2011.11.17 11:11:51.982,0.703,0.70339,2.25,3.00
2011.11.17 11:11:53.148,0.70301,0.70341,2.25,3.00
2011.11.17 11:11:53.368,0.70298,0.70339,2.25,3.00
2011.11.17 11:11:54.130,0.70298,0.70339,2.25,3.00
2011.11.17 11:11:54.624,0.70298,0.70339,2.25,3.00
2011.11.17 11:11:55.229,0.70298,0.70339,2.25,3.00
2011.11.17 11:11:58.290,0.70297,0.70338,2.25,3.00
2011.11.17 11:11:58.418,0.70307,0.70338,2.25,2.25
2011.11.17 11:11:59.249,0.70307,0.70338,2.25,3.00
2011.11.17 11:11:59.463,0.70307,0.70338,2.25,2.25
2011.11.17 11:12:00.651,0.70315,0.70344,2.25,1.13
2011.11.17 11:12:00.763,0.70311,0.70343,2.25,2.25
2011.11.17 11:12:00.880,0.70306,0.70345,2.25,2.25
2011.11.17 11:12:01.101,0.70303,0.70335,2.25,2.25
2011.11.17 11:12:01.270,0.70303,0.70337,2.25,2.25
2011.11.17 11:12:01.780,0.70304,0.70338,2.25,3.00
2011.11.17 11:12:02.331,0.703,0.70332,3.23,2.25
2011.11.17 11:12:02.670,0.70297,0.70329,2.25,2.25
2011.11.17 11:12:03.710,0.70294,0.70328,3.00,2.25
2011.11.17 11:12:04.185,0.70294,0.70328,3.00,2.63
2011.11.17 11:12:04.302,0.70294,0.70331,1.13,2.25
2011.11.17 11:12:04.527,0.70307,0.7034,2.25,1.13
2011.11.17 11:12:04.897,0.70306,0.70334,2.25,2.25
2011.11.17 11:12:07.618,0.70305,0.70335,2.25,2.25
2011.11.17 11:12:08.203,0.70305,0.70335,2.25,3.00
2011.11.17 11:12:09.482,0.70304,0.70334,2.25,3.00
2011.11.17 11:12:09.861,0.70304,0.70334,2.25,3.00
2011.11.17 11:12:10.198,0.70311,0.70339,2.25,3.00
2011.11.17 11:12:10.711,0.70311,0.70339,2.25,3.00
2011.11.17 11:12:10.927,0.70317,0.70344,2.25,3.00
2011.11.17 11:12:11.296,0.70318,0.70348,2.25,3.00
2011.11.17 11:12:14.342,0.70318,0.70348,2.25,3.00
2011.11.17 11:12:18.251,0.70318,0.70344,2.25,1.13
2011.11.17 11:12:18.368,0.70305,0.70333,2.25,2.25
2011.11.17 11:12:18.477,0.70305,0.70333,2.25,3.23
2011.11.17 11:12:18.587,0.703,0.70328,2.25,2.25
2011.11.17 11:12:19.207,0.70304,0.70338,2.25,1.73
2011.11.17 11:12:19.317,0.70302,0.70335,2.85,3.38
2011.11.17 11:12:19.648,0.703,0.70328,2.25,2.63
2011.11.17 11:12:19.865,0.70293,0.70326,2.85,2.63
2011.11.17 11:12:21.151,0.70293,0.70326,2.25,2.63
2011.11.17 11:12:21.269,0.70293,0.70324,2.25,1.13
2011.11.17 11:12:21.815,0.70298,0.70326,2.85,2.25
2011.11.17 11:12:21.931,0.703,0.70328,2.85,2.25
2011.11.17 11:12:22.049,0.70309,0.70338,2.25,3.00
2011.11.17 11:12:22.467,0.70309,0.70338,3.23,3.00
2011.11.17 11:12:22.751,0.70313,0.70345,2.25,3.00
2011.11.17 11:12:23.701,0.70312,0.70346,2.63,3.00
2011.11.17 11:12:24.237,0.70312,0.70343,2.63,2.25
2011.11.17 11:12:24.348,0.70309,0.7034,2.63,2.25
2011.11.17 11:12:24.458,0.70309,0.7034,2.25,2.25
2011.11.17 11:12:24.566,0.70309,0.70342,2.25,2.25
2011.11.17 11:12:24.908,0.70309,0.7034,2.25,2.25
2011.11.17 11:12:25.837,0.70308,0.7034,2.25,3.00
2011.11.17 11:12:29.010,0.70308,0.7034,2.25,3.00
2011.11.17 11:12:29.567,0.70306,0.70339,2.25,3.38
2011.11.17 11:12:29.676,0.70306,0.70339,2.25,3.38
2011.11.17 11:12:30.006,0.70303,0.70337,2.25,3.38
2011.11.17 11:12:30.909,0.70305,0.70337,2.25,3.38
2011.11.17 11:12:31.446,0.70303,0.70337,2.25,3.38
2011.11.17 11:12:31.852,0.70305,0.70337,2.25,3.38
2011.11.17 11:12:31.968,0.70303,0.70337,2.25,3.38
2011.11.17 11:12:32.213,0.70303,0.70337,2.25,3.38
2011.11.17 11:12:35.686,0.70303,0.70337,2.25,3.38
2011.11.17 11:12:37.166,0.70303,0.70337,2.25,3.38
2011.11.17 11:12:42.532,0.70303,0.70337,2.25,3.38
2011.11.17 11:12:45.690,0.70303,0.70337,2.25,3.38
2011.11.17 11:12:45.952,0.70303,0.70337,2.25,3.38
2011.11.17 11:12:46.127,0.70303,0.70337,2.25,3.38
2011.11.17 11:12:46.552,0.70303,0.70337,2.25,3.38
2011.11.17 11:12:52.296,0.70303,0.70337,2.25,3.00
2011.11.17 11:12:52.407,0.70295,0.70336,2.85,3.00
2011.11.17 11:12:53.338,0.70295,0.70336,3.60,2.25
2011.11.17 11:12:54.931,0.70304,0.70336,2.25,2.25
2011.11.17 11:12:56.358,0.70304,0.70336,2.25,3.00
2011.11.17 11:13:00.424,0.70304,0.70336,2.25,2.25
2011.11.17 11:13:04.002,0.70304,0.70336,2.25,3.00
2011.11.17 11:13:07.191,0.70304,0.70336,2.25,3.00
2011.11.17 11:13:08.951,0.70304,0.70336,2.25,2.25
2011.11.17 11:13:10.708,0.70304,0.70336,2.25,3.00
2011.11.17 11:13:11.645,0.70304,0.70336,2.25,2.25
2011.11.17 11:13:16.559,0.70306,0.70341,2.25,2.63
2011.11.17 11:13:16.767,0.70309,0.7034,2.25,2.25
2011.11.17 11:13:16.876,0.70309,0.70343,2.25,2.63
2011.11.17 11:13:17.096,0.70311,0.70343,2.25,2.25
2011.11.17 11:13:17.537,0.70314,0.70347,2.25,2.63
2011.11.17 11:13:19.268,0.7031,0.70344,2.25,2.25
2011.11.17 11:13:21.178,0.7031,0.70344,2.25,3.00
2011.11.17 11:13:21.923,0.7031,0.70344,3.00,2.25
2011.11.17 11:13:22.479,0.70312,0.70343,3.00,2.25
2011.11.17 11:13:23.008,0.70313,0.70349,2.25,2.63
2011.11.17 11:13:24.220,0.70315,0.70349,2.25,2.63
2011.11.17 11:13:24.340,0.70313,0.70349,2.25,2.63
2011.11.17 11:13:25.660,0.70313,0.70349,3.00,2.63
2011.11.17 11:13:25.991,0.70313,0.70349,2.25,2.63
2011.11.17 11:13:26.414,0.70313,0.70349,2.63,2.25
2011.11.17 11:13:26.540,0.70315,0.70355,1.13,3.23
2011.11.17 11:13:26.987,0.70314,0.70346,2.25,2.25
2011.11.17 11:13:27.476,0.70316,0.70348,2.25,3.00
2011.11.17 11:13:29.139,0.70315,0.70348,2.25,2.25
2011.11.17 11:13:29.812,0.70314,0.70346,3.00,2.25
2011.11.17 11:13:29.925,0.70312,0.7035,1.35,2.25
2011.11.17 11:13:30.038,0.70311,0.70359,3.60,3.00
2011.11.17 11:13:30.148,0.70312,0.70359,1.35,3.00
2011.11.17 11:13:30.479,0.70319,0.7036,3.00,2.25
2011.11.17 11:13:30.708,0.70319,0.7036,2.25,2.25
2011.11.17 11:13:30.819,0.70319,0.7036,2.63,2.63
2011.11.17 11:13:31.172,0.7033,0.70362,2.25,3.00
2011.11.17 11:13:33.480,0.70329,0.70362,2.25,3.00
2011.11.17 11:13:33.910,0.70329,0.70362,2.25,2.25
2011.11.17 11:13:34.141,0.70327,0.70361,2.25,2.25
2011.11.17 11:13:34.530,0.70327,0.70361,2.25,3.00
2011.11.17 11:13:35.560,0.70327,0.70361,2.25,2.25
2011.11.17 11:13:35.955,0.70327,0.70361,2.25,3.00
2011.11.17 11:13:36.177,0.70329,0.70363,2.25,3.38
2011.11.17 11:13:36.287,0.70329,0.70362,2.25,1.13
2011.11.17 11:13:36.819,0.70321,0.70362,3.00,2.25
2011.11.17 11:13:37.037,0.70321,0.70361,1.13,3.00
2011.11.17 11:13:37.367,0.7033,0.70361,2.25,3.00
2011.11.17 11:13:39.057,0.7033,0.70361,2.25,2.25
2011.11.17 11:13:39.156,0.7033,0.70364,2.25,3.38
2011.11.17 11:13:39.266,0.7033,0.70362,2.25,2.25
2011.11.17 11:13:40.278,0.70331,0.70363,2.25,2.25
2011.11.17 11:13:41.518,0.70329,0.70362,2.25,2.25
2011.11.17 11:13:43.372,0.70329,0.70363,2.25,2.63
2011.11.17 11:13:44.272,0.7033,0.70361,2.25,2.25
2011.11.17 11:13:44.392,0.70326,0.7036,3.38,2.25
2011.11.17 11:13:44.619,0.70326,0.70358,3.00,2.25
2011.11.17 11:13:45.029,0.70326,0.70367,3.00,3.00
2011.11.17 11:13:45.578,0.70326,0.70358,3.00,2.25
2011.11.17 11:13:46.749,0.70326,0.70357,1.73,2.25
2011.11.17 11:13:46.967,0.7033,0.70364,2.25,3.00
2011.11.17 11:13:47.078,0.70329,0.7036,2.25,2.25
2011.11.17 11:13:47.298,0.70327,0.70359,2.25,2.25
2011.11.17 11:13:48.238,0.70326,0.70359,1.35,2.25
2011.11.17 11:13:48.568,0.70326,0.70356,1.35,2.25
2011.11.17 11:13:49.052,0.70326,0.70358,3.60,2.25
2011.11.17 11:13:49.753,0.70324,0.70357,3.00,2.25
2011.11.17 11:13:50.608,0.70326,0.70358,3.00,3.00
2011.11.17 11:13:51.673,0.70326,0.70358,3.00,2.25
2011.11.17 11:13:51.841,0.70326,0.7036,3.00,2.25
2011.11.17 11:13:53.140,0.70326,0.7036,2.25,3.00
2011.11.17 11:13:53.979,0.70328,0.70361,2.25,3.38
2011.11.17 11:13:54.600,0.70329,0.70362,2.25,3.00
2011.11.17 11:13:56.113,0.7033,0.70362,2.25,3.00
2011.11.17 11:13:56.448,0.70331,0.70363,2.25,3.00
2011.11.17 11:13:56.776,0.7033,0.70364,2.25,3.00
2011.11.17 11:13:57.319,0.70329,0.7036,2.25,3.00
2011.11.17 11:13:58.774,0.7033,0.70361,2.25,3.00
2011.11.17 11:13:59.923,0.70332,0.70363,2.25,3.00
2011.11.17 11:14:00.036,0.70332,0.70363,2.25,3.00
2011.11.17 11:14:01.052,0.70332,0.70363,2.25,3.00
2011.11.17 11:14:01.168,0.70329,0.70362,2.25,3.00
2011.11.17 11:14:01.292,0.70329,0.70362,2.25,2.25
2011.11.17 11:14:01.788,0.70329,0.7036,2.25,2.25
2011.11.17 11:14:04.089,0.70327,0.70361,3.00,2.25
2011.11.17 11:14:05.299,0.70326,0.70359,1.13,2.25
2011.11.17 11:14:06.015,0.70326,0.7036,3.38,2.25
2011.11.17 11:14:06.348,0.70326,0.7036,3.00,2.25
2011.11.17 11:14:06.679,0.70343,0.70371,2.25,3.00
2011.11.17 11:14:06.798,0.70343,0.70371,2.63,2.25
2011.11.17 11:14:06.907,0.70345,0.70376,2.25,3.00
2011.11.17 11:14:07.702,0.70344,0.70377,2.25,3.00
2011.11.17 11:14:09.158,0.70342,0.7037,2.85,3.00
2011.11.17 11:14:10.199,0.70342,0.7037,2.85,2.25
2011.11.17 11:14:10.432,0.70342,0.7037,3.60,2.25
2011.11.17 11:14:11.023,0.70344,0.70374,3.00,2.25
2011.11.17 11:14:11.148,0.70348,0.70378,2.25,2.85
2011.11.17 11:14:11.628,0.70353,0.70383,2.25,5.10
2011.11.17 11:14:11.847,0.70341,0.70371,2.25,2.85
2011.11.17 11:14:12.070,0.70341,0.70366,2.25,2.10
2011.11.17 11:14:12.190,0.70332,0.70362,2.25,2.85
2011.11.17 11:14:12.306,0.7033,0.7036,2.25,2.25
2011.11.17 11:14:12.975,0.70331,0.70359,2.25,2.85
2011.11.17 11:14:14.756,0.70333,0.7036,2.25,2.10
2011.11.17 11:14:15.695,0.70337,0.7036,2.25,2.48
2011.11.17 11:14:15.807,0.70334,0.7036,2.25,2.48
2011.11.17 11:14:16.038,0.70334,0.70361,2.25,1.13
2011.11.17 11:14:16.259,0.70332,0.70359,2.25,1.13
2011.11.17 11:14:16.860,0.70333,0.70356,2.25,1.13
2011.11.17 11:14:17.100,0.70327,0.70356,2.25,1.13
2011.11.17 11:14:17.219,0.70327,0.70359,2.25,3.38
2011.11.17 11:14:18.039,0.70328,0.70359,2.25,1.73
2011.11.17 11:14:18.281,0.70328,0.70359,2.25,2.10
2011.11.17 11:14:18.396,0.70325,0.70359,2.25,4.35
2011.11.17 11:14:18.726,0.70328,0.70359,2.25,1.35
2011.11.17 11:14:18.946,0.70325,0.70358,2.25,3.75
2011.11.17 11:14:19.628,0.70324,0.70358,2.25,3.75
2011.11.17 11:14:21.425,0.70325,0.70354,2.25,1.13
2011.11.17 11:14:24.446,0.70323,0.70357,2.25,2.63
2011.11.17 11:14:24.776,0.70321,0.70354,3.00,2.63
2011.11.17 11:14:25.192,0.70323,0.70354,2.25,2.63
2011.11.17 11:14:26.312,0.70325,0.70357,2.25,2.63
2011.11.17 11:14:29.233,0.70325,0.70357,3.00,2.63
2011.11.17 11:14:29.460,0.70325,0.70357,3.00,2.25
2011.11.17 11:14:29.578,0.70331,0.70361,2.25,3.23
2011.11.17 11:14:32.368,0.70328,0.70358,2.25,2.25
2011.11.17 11:14:32.827,0.70327,0.70356,2.25,2.25
2011.11.17 11:14:35.335,0.70332,0.7036,2.25,2.63
2011.11.17 11:14:35.668,0.70335,0.70363,2.25,3.98
2011.11.17 11:14:35.888,0.70335,0.70363,2.25,3.38
2011.11.17 11:14:36.209,0.70333,0.70363,2.25,2.63
2011.11.17 11:14:37.116,0.70332,0.70362,2.25,2.25
2011.11.17 11:14:37.412,0.7033,0.7036,2.25,2.25
2011.11.17 11:14:38.438,0.70329,0.70359,2.25,2.63
2011.11.17 11:14:38.831,0.70331,0.70359,3.00,2.63
2011.11.17 11:14:39.457,0.70333,0.70365,2.25,2.25
2011.11.17 11:14:41.490,0.70334,0.70367,2.25,2.63
2011.11.17 11:14:41.610,0.70332,0.70366,2.25,2.25
2011.11.17 11:14:42.261,0.70324,0.70364,3.38,2.63
2011.11.17 11:14:42.381,0.70325,0.70364,3.00,2.63
2011.11.17 11:14:42.608,0.70325,0.70364,2.25,2.63
2011.11.17 11:14:43.170,0.70325,0.70364,3.00,2.63
2011.11.17 11:14:44.506,0.70325,0.70364,3.00,2.63
2011.11.17 11:14:44.886,0.70328,0.70363,3.00,2.63
2011.11.17 11:14:45.590,0.70328,0.70363,2.25,2.63
2011.11.17 11:14:45.706,0.70328,0.70363,3.00,2.63
2011.11.17 11:14:45.819,0.70328,0.70363,2.25,2.63
2011.11.17 11:14:45.928,0.70332,0.70365,2.25,2.63
2011.11.17 11:14:48.749,0.70334,0.70367,2.25,2.63
2011.11.17 11:14:48.857,0.70328,0.70364,2.25,2.63
2011.11.17 11:14:48.966,0.7033,0.70363,2.25,2.25
2011.11.17 11:14:49.521,0.70332,0.70366,2.25,2.63
2011.11.17 11:14:49.747,0.70329,0.70364,2.25,2.25
2011.11.17 11:14:52.601,0.70329,0.70364,2.25,2.63
2011.11.17 11:14:54.737,0.70324,0.70358,2.25,2.25
2011.11.17 11:14:55.083,0.70316,0.70347,2.25,2.25
2011.11.17 11:14:55.194,0.70314,0.70348,2.25,2.25
2011.11.17 11:14:56.924,0.70317,0.70351,2.25,2.25
2011.11.17 11:14:58.964,0.70323,0.70357,2.25,3.00
2011.11.17 11:14:59.307,0.70314,0.70348,2.25,2.25
2011.11.17 11:15:01.106,0.70314,0.70348,2.25,3.00
2011.11.17 11:15:01.337,0.70314,0.70348,2.25,2.25
2011.11.17 11:15:01.763,0.70314,0.70348,2.25,4.35
2011.11.17 11:15:01.869,0.70306,0.7034,2.25,2.25
2011.11.17 11:15:03.481,0.70306,0.7034,3.00,2.25
2011.11.17 11:15:04.814,0.70306,0.7034,2.25,2.25
2011.11.17 11:15:05.643,0.70307,0.7034,2.25,2.25
2011.11.17 11:15:05.974,0.70305,0.70341,2.25,2.63
2011.11.17 11:15:06.698,0.70305,0.70341,3.00,2.63
2011.11.17 11:15:08.583,0.70305,0.70341,3.00,2.63
2011.11.17 11:15:09.029,0.70303,0.70338,2.25,2.25
2011.11.17 11:15:12.815,0.70303,0.70338,2.63,2.25
2011.11.17 11:15:12.924,0.70303,0.70338,2.25,2.63
2011.11.17 11:15:13.055,0.70311,0.70343,2.25,3.75
2011.11.17 11:15:13.164,0.70303,0.70338,2.25,2.63
2011.11.17 11:15:17.693,0.70301,0.70339,3.00,2.63
2011.11.17 11:15:19.698,0.70301,0.70339,2.25,3.38
2011.11.17 11:15:20.421,0.70302,0.70337,2.25,2.63
2011.11.17 11:15:22.944,0.70301,0.70337,3.00,2.63
2011.11.17 11:15:24.517,0.70301,0.70339,3.00,2.63
2011.11.17 11:15:25.588,0.70301,0.70339,2.25,2.63
2011.11.17 11:15:25.629,0.70301,0.70339,2.25,2.25
2011.11.17 11:15:25.747,0.70295,0.70329,3.00,2.25
2011.11.17 11:15:26.216,0.70292,0.70324,2.25,2.25
2011.11.17 11:15:26.765,0.70292,0.70325,3.00,2.25
2011.11.17 11:15:27.236,0.70293,0.70327,2.25,2.25
2011.11.17 11:15:29.546,0.70296,0.7033,2.25,3.00
2011.11.17 11:15:30.154,0.70297,0.70329,2.25,2.25
2011.11.17 11:15:31.305,0.70298,0.7033,2.25,2.63
2011.11.17 11:15:33.417,0.703,0.70334,2.25,3.00
2011.11.17 11:15:34.276,0.703,0.70334,3.00,3.00
2011.11.17 11:15:35.465,0.70293,0.70327,2.25,2.25
2011.11.17 11:15:38.938,0.70293,0.70327,3.00,2.25
2011.11.17 11:15:39.720,0.70293,0.70327,2.25,2.25
2011.11.17 11:15:41.456,0.70293,0.70327,3.00,2.25
2011.11.17 11:15:43.439,0.70293,0.70327,2.25,2.25
2011.11.17 11:15:43.556,0.70291,0.70321,3.00,2.25
2011.11.17 11:15:46.098,0.70288,0.70318,2.25,2.25
2011.11.17 11:15:46.653,0.70285,0.70317,2.25,2.25
2011.11.17 11:15:47.784,0.70286,0.70318,2.25,2.25
2011.11.17 11:15:56.705,0.70286,0.70318,3.00,2.25
2011.11.17 11:15:58.664,0.70286,0.70318,2.25,2.25
2011.11.17 11:15:58.885,0.70285,0.70317,2.25,3.00
2011.11.17 11:15:59.106,0.70289,0.70319,2.25,3.60
2011.11.17 11:15:59.905,0.70289,0.70321,2.25,2.25
2011.11.17 11:16:00.048,0.7029,0.7032,2.25,3.00
2011.11.17 11:16:01.883,0.70287,0.70318,2.25,3.00
2011.11.17 11:16:02.558,0.70287,0.70317,2.25,2.25
2011.11.17 11:16:03.110,0.7029,0.7032,2.25,3.00
2011.11.17 11:16:03.443,0.70284,0.70312,1.35,2.25
2011.11.17 11:16:03.780,0.70286,0.70318,3.23,3.00
2011.11.17 11:16:04.007,0.70282,0.70314,3.23,2.25
2011.11.17 11:16:04.563,0.70282,0.70314,2.48,3.00
2011.11.17 11:16:05.049,0.70283,0.70317,2.85,2.25
2011.11.17 11:16:05.156,0.70281,0.70312,1.13,2.25
2011.11.17 11:16:05.760,0.70282,0.70312,1.13,2.25
2011.11.17 11:16:06.164,0.70287,0.70315,1.13,2.25
2011.11.17 11:16:06.384,0.7029,0.7032,1.13,2.25
2011.11.17 11:16:07.238,0.70288,0.7032,2.85,3.00
2011.11.17 11:16:07.494,0.70286,0.70314,1.73,2.25
2011.11.17 11:16:10.690,0.70288,0.70314,1.35,2.25
2011.11.17 11:16:11.338,0.70284,0.70313,1.73,2.25
2011.11.17 11:16:11.458,0.70284,0.70315,1.73,2.25
2011.11.17 11:16:11.685,0.70286,0.7032,1.13,3.00
2011.11.17 11:16:11.795,0.70289,0.70324,3.00,2.85
2011.11.17 11:16:12.367,0.70288,0.70324,2.63,3.38
2011.11.17 11:16:12.487,0.70288,0.70324,3.38,3.38
2011.11.17 11:16:13.005,0.70288,0.70324,3.38,2.63
2011.11.17 11:16:13.647,0.70289,0.70323,3.00,2.63
2011.11.17 11:16:13.754,0.70289,0.70323,2.25,2.63
2011.11.17 11:16:13.864,0.70286,0.70318,3.00,2.25
2011.11.17 11:16:14.195,0.70284,0.70316,3.38,2.25
2011.11.17 11:16:14.950,0.70284,0.70316,3.38,2.85
2011.11.17 11:16:15.070,0.70273,0.70308,3.00,2.25
2011.11.17 11:16:15.198,0.70276,0.7031,3.00,2.25
2011.11.17 11:16:15.427,0.70277,0.70311,1.13,2.25
2011.11.17 11:16:16.027,0.70277,0.70311,1.13,2.25
2011.11.17 11:16:16.413,0.70277,0.70311,1.13,2.25
2011.11.17 11:16:17.106,0.70277,0.70311,1.13,2.25
2011.11.17 11:16:19.151,0.70277,0.7031,1.13,2.25
2011.11.17 11:16:19.637,0.70277,0.7031,1.13,2.25
2011.11.17 11:16:19.802,0.70277,0.7031,1.13,2.25
2011.11.17 11:16:21.338,0.70278,0.70313,2.25,3.00
2011.11.17 11:16:21.564,0.70276,0.70316,3.38,2.63
2011.11.17 11:16:22.729,0.7028,0.70316,2.25,2.63
2011.11.17 11:16:23.085,0.70276,0.70314,3.38,2.25
2011.11.17 11:16:24.015,0.70277,0.70315,2.63,2.25
2011.11.17 11:16:27.577,0.70281,0.70317,2.25,2.63
2011.11.17 11:16:27.917,0.70283,0.70317,2.25,2.63
2011.11.17 11:16:28.580,0.70282,0.70316,2.25,2.63
2011.11.17 11:16:29.227,0.70281,0.70316,2.25,2.63
2011.11.17 11:16:29.683,0.7028,0.70315,2.25,3.00
2011.11.17 11:16:31.792,0.70276,0.70314,2.63,1.13
2011.11.17 11:16:31.895,0.70279,0.70314,2.25,1.13
2011.11.17 11:16:32.890,0.7028,0.70314,2.25,1.13
2011.11.17 11:16:33.224,0.70282,0.70315,2.25,3.00
2011.11.17 11:16:34.431,0.70282,0.70315,2.25,3.00
2011.11.17 11:16:34.752,0.70279,0.70312,2.63,2.25
2011.11.17 11:16:34.868,0.70279,0.70312,3.38,2.25
2011.11.17 11:16:34.985,0.70279,0.70312,2.63,2.25
2011.11.17 11:16:35.095,0.70278,0.70314,2.63,2.25
2011.11.17 11:16:36.094,0.70279,0.70314,1.13,2.25
2011.11.17 11:16:36.204,0.70278,0.70314,2.63,2.25
2011.11.17 11:16:37.183,0.7028,0.70314,2.25,2.25
2011.11.17 11:16:37.295,0.70283,0.70316,2.25,1.13
2011.11.17 11:16:38.243,0.70283,0.70316,2.25,1.13
2011.11.17 11:16:40.950,0.70284,0.70316,2.25,1.13
2011.11.17 11:16:42.539,0.70284,0.70313,2.25,1.13
2011.11.17 11:16:42.654,0.70278,0.70311,2.63,2.25
2011.11.17 11:16:42.764,0.70282,0.70316,2.25,1.13
2011.11.17 11:16:43.151,0.70282,0.70316,2.25,1.13
2011.11.17 11:16:43.266,0.70279,0.70315,2.63,3.00
2011.11.17 11:16:44.016,0.70281,0.70316,2.25,2.25
2011.11.17 11:16:44.777,0.70283,0.70317,2.25,2.25
2011.11.17 11:16:45.574,0.70283,0.70318,2.25,2.63
2011.11.17 11:16:54.661,0.70286,0.70319,2.25,3.00
2011.11.17 11:16:55.536,0.70287,0.7032,2.25,3.00
2011.11.17 11:16:56.547,0.70291,0.70322,2.25,2.25
2011.11.17 11:16:56.805,0.7029,0.70324,2.63,2.25
2011.11.17 11:16:56.914,0.70294,0.70329,2.25,3.00
2011.11.17 11:16:57.940,0.70294,0.70328,2.25,2.25
2011.11.17 11:16:58.057,0.70287,0.70321,3.23,2.25
2011.11.17 11:16:58.800,0.70287,0.70321,3.23,2.25
2011.11.17 11:17:00.927,0.70287,0.70318,3.23,3.00
2011.11.17 11:17:02.594,0.70286,0.70317,1.35,2.25
2011.11.17 11:17:02.867,0.70285,0.70317,3.38,2.25
2011.11.17 11:17:04.073,0.70287,0.70318,2.25,3.00
2011.11.17 11:17:04.673,0.70288,0.70322,2.25,3.00
2011.11.17 11:17:04.969,0.70288,0.70322,2.25,3.00
2011.11.17 11:17:05.494,0.70289,0.70322,2.25,3.00
2011.11.17 11:17:06.291,0.70289,0.70322,2.63,3.00
2011.11.17 11:17:06.437,0.70289,0.70322,2.63,2.25
2011.11.17 11:17:06.555,0.70289,0.70322,2.63,3.00
2011.11.17 11:17:06.666,0.70289,0.70322,2.63,2.25
2011.11.17 11:17:06.777,0.70291,0.70322,2.10,2.25
2011.11.17 11:17:07.434,0.70301,0.70333,3.23,3.00
2011.11.17 11:17:08.867,0.70304,0.70338,2.63,3.00
2011.11.17 11:17:09.296,0.70303,0.70337,3.23,3.00
2011.11.17 11:17:09.856,0.70303,0.70337,3.23,3.00
2011.11.17 11:17:11.604,0.70304,0.70338,2.63,3.00
2011.11.17 11:17:11.848,0.70306,0.70337,2.25,3.00
2011.11.17 11:17:11.964,0.70303,0.70337,3.23,3.00
2011.11.17 11:17:12.685,0.70303,0.70337,3.23,3.00
2011.11.17 11:17:14.986,0.70306,0.70337,2.63,3.00
2011.11.17 11:17:15.760,0.70309,0.70341,2.25,3.00
2011.11.17 11:17:16.084,0.70305,0.70345,2.63,1.13
2011.11.17 11:17:16.571,0.70301,0.70332,2.85,3.00
2011.11.17 11:17:16.796,0.70297,0.70331,2.63,3.00
2011.11.17 11:17:16.906,0.70297,0.70331,2.63,3.00
2011.11.17 11:17:17.695,0.70294,0.70328,3.23,3.00
2011.11.17 11:17:18.988,0.70293,0.70324,3.23,3.00
2011.11.17 11:17:19.295,0.70293,0.70327,3.23,3.00
2011.11.17 11:17:20.408,0.70294,0.70326,3.23,2.25
2011.11.17 11:17:21.285,0.70294,0.70326,3.23,3.00
2011.11.17 11:17:21.799,0.70294,0.70326,3.23,2.25
2011.11.17 11:17:22.544,0.70291,0.70325,3.98,2.25
2011.11.17 11:17:23.158,0.70291,0.70325,3.98,3.00
2011.11.17 11:17:24.117,0.70291,0.70325,3.23,3.00
2011.11.17 11:17:25.390,0.70292,0.70325,3.98,3.00
2011.11.17 11:17:31.573,0.70293,0.70327,3.23,2.25
2011.11.17 11:17:34.930,0.70294,0.70328,3.23,3.00
2011.11.17 11:17:35.278,0.70296,0.70327,2.85,3.00
2011.11.17 11:17:36.869,0.70295,0.70327,2.85,2.25
2011.11.17 11:17:38.106,0.70295,0.70328,2.85,3.00
2011.11.17 11:17:38.727,0.70295,0.70327,2.85,2.25
2011.11.17 11:17:39.356,0.70297,0.70328,2.25,3.00
2011.11.17 11:17:39.509,0.70297,0.70328,2.25,3.00
2011.11.17 11:17:39.846,0.70296,0.7033,3.23,3.00
2011.11.17 11:17:41.147,0.70296,0.70329,3.23,3.00
2011.11.17 11:17:41.521,0.70299,0.70331,2.25,3.00
2011.11.17 11:17:42.530,0.70299,0.70331,2.25,2.25
2011.11.17 11:17:42.648,0.70303,0.70334,2.25,3.00
2011.11.17 11:17:43.426,0.70303,0.70334,2.25,3.00
2011.11.17 11:17:45.867,0.70303,0.70334,2.25,3.00
2011.11.17 11:17:46.307,0.70301,0.70335,2.25,3.00
2011.11.17 11:17:47.139,0.70301,0.70333,2.25,3.00
2011.11.17 11:17:47.767,0.703,0.70331,2.25,3.00
2011.11.17 11:17:48.277,0.70299,0.70331,2.25,3.00
2011.11.17 11:17:48.398,0.70299,0.70331,2.25,3.00
2011.11.17 11:17:48.514,0.70296,0.7033,3.23,3.00
2011.11.17 11:17:49.037,0.70296,0.7033,3.60,2.25
2011.11.17 11:17:49.265,0.70296,0.7033,2.85,3.00
2011.11.17 11:17:49.390,0.70296,0.7033,3.60,2.25
2011.11.17 11:17:52.619,0.70296,0.70329,3.60,2.25
2011.11.17 11:17:55.298,0.70293,0.70327,3.23,2.25
2011.11.17 11:17:55.899,0.70301,0.70337,2.25,1.13
2011.11.17 11:17:56.236,0.703,0.70341,2.25,3.00
2011.11.17 11:17:56.707,0.70298,0.70339,2.25,3.00
2011.11.17 11:17:57.262,0.70297,0.70338,2.25,2.25
2011.11.17 11:17:57.971,0.70297,0.70338,2.25,3.00
2011.11.17 11:17:59.400,0.70297,0.70338,3.00,3.00
2011.11.17 11:18:00.722,0.70297,0.70338,2.25,3.00
2011.11.17 11:18:02.665,0.70297,0.70338,2.25,2.25
2011.11.17 11:18:02.773,0.70297,0.70336,2.25,2.25
2011.11.17 11:18:03.190,0.70297,0.70336,2.25,3.00
2011.11.17 11:18:04.239,0.70296,0.70335,3.60,3.00
2011.11.17 11:18:04.737,0.70297,0.70336,2.25,3.00
2011.11.17 11:18:06.105,0.70297,0.70336,3.00,3.00
2011.11.17 11:18:07.000,0.70297,0.70336,2.25,3.00
2011.11.17 11:18:07.560,0.70296,0.70337,3.60,3.00
2011.11.17 11:18:07.830,0.70296,0.70337,3.60,2.25
2011.11.17 11:18:07.948,0.70299,0.70338,2.25,2.25
2011.11.17 11:18:08.319,0.70299,0.7034,3.00,2.25
2011.11.17 11:18:09.455,0.703,0.70341,3.00,2.25
2011.11.17 11:18:09.989,0.70301,0.70343,2.25,3.00
2011.11.17 11:18:10.109,0.70303,0.70344,2.25,3.00
2011.11.17 11:18:10.226,0.70303,0.70344,2.25,3.00
2011.11.17 11:18:10.825,0.70302,0.70343,2.25,3.00
2011.11.17 11:18:12.890,0.70303,0.70346,2.25,3.00
2011.11.17 11:18:13.228,0.70307,0.70347,2.25,3.00
2011.11.17 11:18:13.789,0.70307,0.70349,2.25,3.00
2011.11.17 11:18:14.229,0.70308,0.7035,2.25,3.00
2011.11.17 11:18:14.344,0.70304,0.70343,2.25,3.00
2011.11.17 11:18:14.455,0.70304,0.70343,2.25,3.00
2011.11.17 11:18:14.653,0.70304,0.70343,2.25,3.00
2011.11.17 11:18:14.766,0.70304,0.70343,2.25,3.00
2011.11.17 11:18:14.984,0.70304,0.70343,2.25,2.25
2011.11.17 11:18:15.529,0.70304,0.70343,2.25,3.00
2011.11.17 11:18:15.855,0.70306,0.70345,2.25,3.00
2011.11.17 11:18:16.308,0.70306,0.70345,2.25,3.00
2011.11.17 11:18:16.429,0.70304,0.70345,2.25,3.00
2011.11.17 11:18:17.204,0.70303,0.70337,2.63,3.00
2011.11.17 11:18:18.596,0.70306,0.70341,2.25,3.38
2011.11.17 11:18:18.758,0.70306,0.70341,2.25,3.38
2011.11.17 11:18:19.391,0.7031,0.70341,2.25,3.38
2011.11.17 11:18:19.870,0.7031,0.70339,2.25,1.13
2011.11.17 11:18:20.317,0.70304,0.70339,2.25,3.38
2011.11.17 11:18:21.070,0.70303,0.70339,2.25,1.13
2011.11.17 11:18:22.195,0.70302,0.70339,2.25,3.38
2011.11.17 11:18:22.304,0.70302,0.70339,2.25,3.38
2011.11.17 11:18:24.127,0.703,0.70331,2.63,2.25
2011.11.17 11:18:25.369,0.703,0.70331,2.63,3.00
2011.11.17 11:18:25.915,0.70301,0.70335,2.25,3.00
2011.11.17 11:18:26.596,0.70303,0.70337,2.25,3.38
2011.11.17 11:18:27.176,0.70303,0.70337,2.25,3.38
2011.11.17 11:18:27.457,0.70303,0.70337,2.25,3.38
2011.11.17 11:18:35.341,0.70302,0.70337,2.25,3.38
2011.11.17 11:18:36.272,0.70303,0.70335,2.25,3.00
2011.11.17 11:18:36.387,0.70303,0.70336,2.25,3.00
2011.11.17 11:18:36.919,0.70302,0.70337,2.25,1.13
2011.11.17 11:18:44.718,0.70301,0.70335,2.25,3.00
2011.11.17 11:18:46.540,0.70301,0.70335,2.25,3.00
2011.11.17 11:18:46.781,0.70301,0.70335,2.25,2.25
2011.11.17 11:18:47.004,0.703,0.70331,2.63,2.25
2011.11.17 11:18:47.347,0.70297,0.70329,2.63,2.25
2011.11.17 11:18:47.456,0.70297,0.70329,2.25,2.25
2011.11.17 11:18:47.568,0.70298,0.70332,2.25,2.25
2011.11.17 11:18:48.115,0.703,0.70338,2.25,1.13
2011.11.17 11:18:48.530,0.70299,0.70331,2.25,2.25
2011.11.17 11:18:48.999,0.70301,0.70332,2.25,2.25
2011.11.17 11:18:51.045,0.70301,0.70333,2.25,2.25
2011.11.17 11:18:51.528,0.703,0.70331,2.25,2.25
2011.11.17 11:18:51.643,0.70298,0.70332,2.25,2.25
2011.11.17 11:18:52.151,0.70298,0.70332,2.25,3.00
2011.11.17 11:18:52.668,0.70299,0.70332,2.25,2.25
2011.11.17 11:18:52.895,0.70298,0.70332,2.25,3.00
2011.11.17 11:18:53.365,0.703,0.70331,2.25,3.00
2011.11.17 11:18:54.347,0.703,0.70331,3.00,3.00
2011.11.17 11:18:54.457,0.70309,0.7034,2.25,3.00
2011.11.17 11:18:54.686,0.70307,0.70341,2.25,3.00
2011.11.17 11:18:55.187,0.70308,0.70341,2.25,3.00
2011.11.17 11:18:57.598,0.70308,0.70341,2.25,3.00
2011.11.17 11:18:58.815,0.7031,0.70341,2.25,3.00
2011.11.17 11:19:01.446,0.7031,0.70341,2.63,3.00
2011.11.17 11:19:01.569,0.7031,0.70341,2.63,3.00
2011.11.17 11:19:02.547,0.7031,0.70341,2.63,2.25
2011.11.17 11:19:03.856,0.7031,0.70341,2.63,3.00
2011.11.17 11:19:03.964,0.7031,0.70341,2.63,2.25
2011.11.17 11:19:04.636,0.7031,0.70341,2.63,3.00
2011.11.17 11:19:04.928,0.7031,0.70341,2.63,2.25
2011.11.17 11:19:05.248,0.7031,0.70341,2.63,3.00
2011.11.17 11:19:09.557,0.70308,0.7034,2.63,3.00
2011.11.17 11:19:11.345,0.7031,0.70342,2.63,3.00
2011.11.17 11:19:12.004,0.7031,0.70342,2.25,3.38
2011.11.17 11:19:12.114,0.70304,0.70331,2.25,3.00
2011.11.17 11:19:12.495,0.70298,0.70328,2.25,2.25
2011.11.17 11:19:12.664,0.70298,0.70328,3.00,2.25
2011.11.17 11:19:12.886,0.70301,0.70342,3.00,3.00
2011.11.17 11:19:13.104,0.70301,0.70333,3.38,2.25
2011.11.17 11:19:14.207,0.703,0.70333,2.63,3.00
2011.11.17 11:19:14.325,0.703,0.70333,2.25,3.00
2011.11.17 11:19:14.435,0.70296,0.70322,1.13,2.25
2011.11.17 11:19:14.546,0.70305,0.70338,2.25,2.63
2011.11.17 11:19:14.655,0.70305,0.70338,2.25,2.25
2011.11.17 11:19:14.764,0.70303,0.70338,2.25,2.25
2011.11.17 11:19:15.058,0.70305,0.70338,1.35,2.25
2011.11.17 11:19:15.285,0.7031,0.70344,2.63,2.25
2011.11.17 11:19:15.395,0.70314,0.70346,2.25,2.25
2011.11.17 11:19:15.505,0.70313,0.70348,2.25,1.13
2011.11.17 11:19:15.944,0.70314,0.7035,2.25,2.63
2011.11.17 11:19:17.190,0.70314,0.7035,2.25,3.38
2011.11.17 11:19:17.785,0.70313,0.70351,2.25,3.00
2011.11.17 11:19:17.895,0.70308,0.70341,2.25,2.25
2011.11.17 11:19:19.674,0.70311,0.70345,2.25,2.25
2011.11.17 11:19:19.894,0.70314,0.70349,2.25,3.00
2011.11.17 11:19:22.186,0.70313,0.70349,2.25,3.00
2011.11.17 11:19:22.694,0.70309,0.7034,2.25,2.25
2011.11.17 11:19:24.286,0.70309,0.7034,2.25,3.00
2011.11.17 11:19:24.997,0.70309,0.7034,2.25,2.25
2011.11.17 11:19:25.624,0.70305,0.70338,2.85,2.25
2011.11.17 11:19:25.734,0.70305,0.70338,3.60,2.25
2011.11.17 11:19:25.941,0.70305,0.70338,2.85,2.25
2011.11.17 11:19:26.485,0.70305,0.70338,3.60,2.25
2011.11.17 11:19:27.720,0.70308,0.7034,2.25,2.25
2011.11.17 11:19:32.637,0.70308,0.7034,2.25,3.00
2011.11.17 11:19:35.339,0.70308,0.7034,2.25,2.25
2011.11.17 11:19:37.477,0.70308,0.7034,2.25,3.00
2011.11.17 11:19:38.159,0.70308,0.7034,2.85,3.00
2011.11.17 11:19:38.276,0.70308,0.7034,2.25,2.25
2011.11.17 11:19:38.387,0.70308,0.7034,2.85,2.25
2011.11.17 11:19:38.504,0.70306,0.70359,2.10,1.35
2011.11.17 11:19:39.227,0.70306,0.70359,2.85,1.35
2011.11.17 11:19:39.344,0.70308,0.70365,2.10,1.35
2011.11.17 11:19:39.754,0.7032,0.70354,2.25,3.00
2011.11.17 11:19:40.877,0.70321,0.70354,2.25,3.00
2011.11.17 11:19:41.217,0.70322,0.70356,2.25,3.00
2011.11.17 11:19:41.557,0.70324,0.70356,2.25,3.00
2011.11.17 11:19:41.678,0.70315,0.7035,2.25,2.25
2011.11.17 11:19:42.074,0.70317,0.70349,2.25,2.25
2011.11.17 11:19:42.404,0.70324,0.70352,2.25,2.25
2011.11.17 11:19:42.514,0.70325,0.70359,2.25,3.00
2011.11.17 11:19:43.528,0.70325,0.70359,2.25,3.00
2011.11.17 11:19:44.189,0.70325,0.70359,2.25,2.25
2011.11.17 11:19:44.707,0.70325,0.70359,2.25,3.00
2011.11.17 11:19:44.949,0.70325,0.70359,2.25,3.00
2011.11.17 11:19:45.127,0.70325,0.70359,2.25,2.25
2011.11.17 11:19:46.277,0.70325,0.70359,2.25,3.00
2011.11.17 11:19:49.264,0.70325,0.70359,2.25,3.38
2011.11.17 11:19:53.205,0.70325,0.70359,2.25,2.63
2011.11.17 11:19:53.885,0.70325,0.70359,2.25,2.63
2011.11.17 11:19:57.039,0.70325,0.70359,2.25,2.63
2011.11.17 11:19:57.266,0.70317,0.70349,2.63,2.25
2011.11.17 11:20:00.316,0.7032,0.70351,2.25,2.25
2011.11.17 11:20:00.745,0.70318,0.7035,2.63,2.25
2011.11.17 11:20:01.104,0.70319,0.70352,2.63,3.00
2011.11.17 11:20:02.815,0.70319,0.70353,2.63,2.25
2011.11.17 11:20:02.931,0.70319,0.70353,2.63,3.00
2011.11.17 11:20:15.137,0.70324,0.70356,2.25,3.38
2011.11.17 11:20:15.256,0.70325,0.70356,2.25,1.13
2011.11.17 11:20:17.679,0.70325,0.70357,2.25,3.38
2011.11.17 11:20:20.458,0.70325,0.70357,2.25,3.38
2011.11.17 11:20:21.245,0.70325,0.70357,2.25,3.38
2011.11.17 11:20:21.579,0.70325,0.70359,2.25,3.38
2011.11.17 11:20:23.516,0.70325,0.70355,2.25,1.13
2011.11.17 11:20:23.845,0.70317,0.70349,2.25,3.00
2011.11.17 11:20:23.955,0.70317,0.70349,2.25,3.00
2011.11.17 11:20:27.038,0.70317,0.70349,2.25,3.00
2011.11.17 11:20:27.376,0.70319,0.70352,2.25,1.13
2011.11.17 11:20:27.947,0.70319,0.70353,2.25,3.00
2011.11.17 11:20:28.050,0.70313,0.70352,2.85,3.00
2011.11.17 11:20:28.298,0.70315,0.70357,2.25,3.00
2011.11.17 11:20:28.776,0.70316,0.70358,2.25,3.00
2011.11.17 11:20:28.911,0.70316,0.70358,3.00,2.25
2011.11.17 11:20:29.027,0.70316,0.70358,3.75,2.25
2011.11.17 11:20:29.365,0.70323,0.70359,2.25,3.00
2011.11.17 11:20:29.998,0.70323,0.70359,2.25,3.00
2011.11.17 11:20:30.715,0.70323,0.70359,2.25,3.00
2011.11.17 11:20:31.246,0.70324,0.70361,2.25,3.00
2011.11.17 11:20:31.808,0.70325,0.70358,2.25,3.00
2011.11.17 11:20:32.645,0.70324,0.70358,2.25,3.00
2011.11.17 11:20:33.167,0.70323,0.70357,2.25,2.25
2011.11.17 11:20:33.789,0.70322,0.70356,2.63,2.25
2011.11.17 11:20:34.450,0.70322,0.70356,2.63,3.00
2011.11.17 11:20:35.089,0.70323,0.70355,2.25,3.00
2011.11.17 11:20:36.237,0.70323,0.70355,2.25,2.25
2011.11.17 11:20:36.766,0.70323,0.70355,2.25,3.00
2011.11.17 11:20:37.528,0.70323,0.70355,2.25,2.25
2011.11.17 11:20:38.496,0.70319,0.7035,2.63,2.25
2011.11.17 11:20:39.364,0.70319,0.7035,2.63,3.00
2011.11.17 11:20:39.767,0.70313,0.70352,2.85,3.00
2011.11.17 11:20:40.166,0.70313,0.70352,2.85,3.00
2011.11.17 11:20:40.347,0.70313,0.70352,2.85,3.00
2011.11.17 11:20:42.879,0.70313,0.70352,2.85,3.00
2011.11.17 11:20:43.590,0.70313,0.70352,2.85,3.00
2011.11.17 11:20:47.237,0.70313,0.70352,2.85,2.25
2011.11.17 11:20:47.436,0.70315,0.70357,2.25,3.00
2011.11.17 11:20:49.131,0.70315,0.70357,3.00,3.00
2011.11.17 11:20:49.877,0.70323,0.70357,2.25,3.00
2011.11.17 11:20:51.306,0.70331,0.70359,2.25,1.13
2011.11.17 11:20:51.415,0.70326,0.70358,2.25,3.00
2011.11.17 11:20:51.524,0.70328,0.70361,2.25,3.38
2011.11.17 11:20:51.965,0.70329,0.70362,2.25,3.00
2011.11.17 11:20:52.076,0.70329,0.70362,2.25,3.00
2011.11.17 11:20:52.628,0.70329,0.70362,2.25,3.00
2011.11.17 11:20:53.053,0.70329,0.70362,2.25,3.00
2011.11.17 11:20:53.166,0.70329,0.70362,2.25,3.00
2011.11.17 11:20:53.274,0.70329,0.70362,2.25,3.00
2011.11.17 11:20:53.593,0.70321,0.70364,1.35,1.13
2011.11.17 11:20:53.707,0.70317,0.70361,1.35,1.13
2011.11.17 11:20:54.275,0.70314,0.70357,1.35,1.13
2011.11.17 11:20:54.968,0.70314,0.70356,1.35,1.13
2011.11.17 11:20:55.329,0.70317,0.70351,3.23,3.00
2011.11.17 11:20:56.013,0.70316,0.7035,3.23,3.00
2011.11.17 11:20:56.784,0.70317,0.70351,3.23,3.00
2011.11.17 11:20:57.217,0.70321,0.70354,2.25,3.00
2011.11.17 11:20:57.555,0.70323,0.70355,2.25,3.00
2011.11.17 11:20:58.394,0.70323,0.70355,2.25,3.00
2011.11.17 11:20:58.510,0.70315,0.70354,2.63,3.00
2011.11.17 11:20:58.626,0.70322,0.70356,2.25,3.38
2011.11.17 11:20:59.776,0.70324,0.70356,2.25,3.38
2011.11.17 11:21:01.244,0.70317,0.70356,2.25,3.00
2011.11.17 11:21:01.357,0.70315,0.70356,2.25,3.00
2011.11.17 11:21:02.951,0.70315,0.70356,2.25,3.00
2011.11.17 11:21:03.309,0.70315,0.70354,3.00,3.00
2011.11.17 11:21:03.861,0.70323,0.70355,2.25,3.00
2011.11.17 11:21:04.211,0.70316,0.70349,2.63,3.00
2011.11.17 11:21:05.826,0.70318,0.70351,2.63,3.00
2011.11.17 11:21:06.388,0.70318,0.70351,2.63,3.00
2011.11.17 11:21:06.505,0.70319,0.70352,2.25,3.00
2011.11.17 11:21:06.726,0.70311,0.70352,2.25,3.00
2011.11.17 11:21:07.558,0.70311,0.70352,2.25,3.00
2011.11.17 11:21:08.926,0.70311,0.70352,2.25,3.00
2011.11.17 11:21:09.035,0.70308,0.70349,2.85,3.00
2011.11.17 11:21:09.255,0.70311,0.7035,2.25,3.00
2011.11.17 11:21:10.199,0.70311,0.7035,2.25,3.00
2011.11.17 11:21:10.991,0.70311,0.7035,2.25,3.00
2011.11.17 11:21:12.770,0.70311,0.7035,2.25,3.00
2011.11.17 11:21:15.499,0.70311,0.7035,2.25,3.00
2011.11.17 11:21:16.546,0.7031,0.7035,2.25,3.00
2011.11.17 11:21:16.765,0.7031,0.70351,2.25,3.00
2011.11.17 11:21:17.508,0.70319,0.70352,2.25,3.00
2011.11.17 11:21:18.375,0.70317,0.70351,2.63,3.00
2011.11.17 11:21:26.376,0.70318,0.70351,2.63,3.00
2011.11.17 11:21:26.819,0.70318,0.70351,2.63,3.00
2011.11.17 11:21:26.926,0.70311,0.70351,2.63,1.13
2011.11.17 11:21:27.168,0.70311,0.70352,3.00,3.00
2011.11.17 11:21:27.821,0.7032,0.70352,2.25,3.00
2011.11.17 11:21:28.336,0.7032,0.70352,2.25,3.00
2011.11.17 11:21:28.470,0.70322,0.70353,2.25,3.00
2011.11.17 11:21:28.928,0.70323,0.70354,2.25,3.00
2011.11.17 11:21:29.426,0.70313,0.70347,2.25,3.38
2011.11.17 11:21:29.761,0.70313,0.70347,2.25,3.38
2011.11.17 11:21:29.984,0.70311,0.70343,2.25,3.38
2011.11.17 11:21:30.095,0.70308,0.7034,2.25,3.38
2011.11.17 11:21:31.168,0.70309,0.7034,2.25,2.25
2011.11.17 11:21:32.625,0.70309,0.70345,2.63,1.13
2011.11.17 11:21:36.676,0.70309,0.70346,2.25,1.13
2011.11.17 11:21:38.187,0.70309,0.70348,2.25,3.00
2011.11.17 11:21:38.534,0.70307,0.70348,2.25,3.00
2011.11.17 11:21:38.644,0.70307,0.70348,2.25,3.00
2011.11.17 11:21:38.864,0.70301,0.7034,2.25,3.00
2011.11.17 11:21:39.085,0.70296,0.70337,2.25,2.25
2011.11.17 11:21:39.196,0.70298,0.70336,2.25,2.25
2011.11.17 11:21:39.726,0.70297,0.70336,3.00,2.25
2011.11.17 11:21:40.453,0.70305,0.70337,2.25,2.25
2011.11.17 11:21:41.117,0.70304,0.70338,2.63,3.00
2011.11.17 11:21:42.256,0.70304,0.70338,2.63,3.00
2011.11.17 11:21:42.478,0.70304,0.70338,2.63,3.00
2011.11.17 11:21:43.070,0.70307,0.70338,2.25,3.00
2011.11.17 11:21:43.579,0.70307,0.70338,2.25,3.00
2011.11.17 11:21:43.806,0.70303,0.70337,2.85,3.00
2011.11.17 11:21:44.494,0.70303,0.70337,2.25,3.00
2011.11.17 11:21:46.524,0.70304,0.70335,2.25,3.00
2011.11.17 11:21:47.600,0.70303,0.70337,2.25,3.00
2011.11.17 11:21:50.779,0.70304,0.70335,2.25,3.00
2011.11.17 11:21:51.424,0.70304,0.70335,2.25,3.00
2011.11.17 11:21:51.543,0.70302,0.70334,2.25,3.00
2011.11.17 11:21:51.656,0.70301,0.70332,2.25,2.25
2011.11.17 11:21:51.876,0.70299,0.70332,2.25,2.25
2011.11.17 11:21:52.098,0.70296,0.70327,1.35,2.25
2011.11.17 11:21:52.215,0.70295,0.70327,2.63,2.25
2011.11.17 11:21:52.916,0.70296,0.70327,2.25,2.25
2011.11.17 11:21:54.116,0.70291,0.70325,2.25,2.25
2011.11.17 11:21:54.366,0.70293,0.70324,2.25,2.25
2011.11.17 11:21:55.198,0.70293,0.70324,2.25,3.00
2011.11.17 11:21:56.501,0.70293,0.70324,2.25,2.25
2011.11.17 11:21:57.105,0.70288,0.70322,2.25,2.25
2011.11.17 11:21:57.206,0.70291,0.7033,3.00,2.25
2011.11.17 11:21:58.207,0.70291,0.7033,3.00,2.25
2011.11.17 11:22:00.196,0.70291,0.7033,2.25,3.00
2011.11.17 11:22:01.228,0.70288,0.70329,2.25,3.00
2011.11.17 11:22:03.107,0.70288,0.70329,2.25,3.00
2011.11.17 11:22:03.214,0.70288,0.70329,2.25,3.00
2011.11.17 11:22:03.326,0.7029,0.70331,2.25,3.00
2011.11.17 11:22:03.638,0.7029,0.70329,2.25,1.50
2011.11.17 11:22:04.149,0.7029,0.70323,2.25,3.00
2011.11.17 11:22:06.137,0.7029,0.70323,3.00,2.25
2011.11.17 11:22:06.403,0.7029,0.70323,2.25,2.25
2011.11.17 11:22:06.514,0.7029,0.70331,2.25,3.00
2011.11.17 11:22:06.738,0.7029,0.70331,3.00,2.25
2011.11.17 11:22:07.726,0.7029,0.70331,2.25,3.00
2011.11.17 11:22:09.661,0.7029,0.70331,2.25,3.00
2011.11.17 11:22:10.598,0.7029,0.70323,2.25,2.25
2011.11.17 11:22:11.151,0.70292,0.70324,2.25,3.38
2011.11.17 11:22:11.268,0.7029,0.70323,2.25,2.25
2011.11.17 11:22:11.377,0.70292,0.70324,2.25,3.98
2011.11.17 11:22:12.024,0.70291,0.70324,2.25,1.35
2011.11.17 11:22:17.627,0.70291,0.70325,3.00,2.25
2011.11.17 11:22:17.956,0.70289,0.70322,2.25,2.25
2011.11.17 11:22:18.065,0.70291,0.70332,2.25,3.00
2011.11.17 11:22:20.814,0.7029,0.70331,2.25,3.00
2011.11.17 11:22:21.486,0.70292,0.70331,2.25,3.00
2011.11.17 11:22:21.846,0.7029,0.70323,2.25,1.13
2011.11.17 11:22:21.958,0.7029,0.70323,2.25,1.13
2011.11.17 11:22:25.546,0.7029,0.70324,2.25,2.25
2011.11.17 11:22:25.657,0.70291,0.70332,2.25,3.00
2011.11.17 11:22:25.927,0.70291,0.70332,3.00,2.25
2011.11.17 11:22:26.157,0.70291,0.70332,2.25,3.00
2011.11.17 11:22:26.665,0.70289,0.7033,2.25,2.25
2011.11.17 11:22:26.798,0.70291,0.7033,1.13,2.63
2011.11.17 11:22:27.138,0.7029,0.70324,1.13,2.25
2011.11.17 11:22:27.368,0.70293,0.70326,2.25,2.25
2011.11.17 11:22:27.705,0.703,0.70328,2.25,2.63
2011.11.17 11:22:28.154,0.70298,0.70328,2.25,2.63
2011.11.17 11:22:28.271,0.70298,0.70326,2.25,2.25
2011.11.17 11:22:29.216,0.70299,0.70327,2.25,2.25
2011.11.17 11:22:29.917,0.70299,0.70329,2.25,3.38
2011.11.17 11:22:30.026,0.70293,0.70326,2.25,2.63
2011.11.17 11:22:30.503,0.70293,0.70327,2.25,2.63
2011.11.17 11:22:30.626,0.7029,0.70326,2.25,1.13
2011.11.17 11:22:30.734,0.7029,0.70327,2.25,2.63
2011.11.17 11:22:31.197,0.7029,0.70326,2.25,1.13
2011.11.17 11:22:32.358,0.7029,0.70327,2.25,2.63
2011.11.17 11:22:32.586,0.70283,0.70325,2.25,2.25
2011.11.17 11:22:32.968,0.70283,0.70325,2.25,3.00
2011.11.17 11:22:33.500,0.70281,0.70318,2.25,3.38
2011.11.17 11:22:39.749,0.70281,0.70317,2.25,3.00
2011.11.17 11:22:40.278,0.70277,0.70308,2.25,2.25
2011.11.17 11:22:41.136,0.70276,0.70308,3.00,2.25
2011.11.17 11:22:44.065,0.70276,0.70308,3.00,2.25
2011.11.17 11:22:48.971,0.70276,0.70308,2.25,3.00
2011.11.17 11:22:52.305,0.70276,0.70309,3.00,2.63
2011.11.17 11:22:54.038,0.70276,0.70309,3.00,2.63
2011.11.17 11:22:55.103,0.70276,0.70309,3.00,2.63
2011.11.17 11:22:55.324,0.70278,0.70317,2.25,2.85
2011.11.17 11:22:56.086,0.70278,0.70317,2.25,2.25
2011.11.17 11:22:56.196,0.70281,0.70322,2.25,3.60
2011.11.17 11:22:56.420,0.70279,0.70318,2.25,2.25
2011.11.17 11:22:56.646,0.70279,0.7032,3.00,2.25
2011.11.17 11:22:57.150,0.70276,0.70317,3.00,2.25
2011.11.17 11:22:59.578,0.70276,0.70317,3.00,2.25
2011.11.17 11:22:59.697,0.70278,0.70317,2.25,2.25
2011.11.17 11:23:02.105,0.70278,0.70317,3.00,2.25
2011.11.17 11:23:02.434,0.70276,0.70317,3.00,2.25
2011.11.17 11:23:03.266,0.70276,0.70317,3.00,2.25
2011.11.17 11:23:03.375,0.70281,0.70321,2.25,3.00
2011.11.17 11:23:03.485,0.70277,0.70316,3.00,2.25
2011.11.17 11:23:05.147,0.70281,0.70321,2.25,2.25
2011.11.17 11:23:07.554,0.70281,0.70321,3.00,2.25
2011.11.17 11:23:07.797,0.7028,0.70319,2.25,2.25
2011.11.17 11:23:08.321,0.70282,0.7032,2.25,2.25
2011.11.17 11:23:08.945,0.70282,0.7032,2.25,3.00
2011.11.17 11:23:09.649,0.70282,0.7032,3.00,2.25
2011.11.17 11:23:12.497,0.70279,0.7032,3.00,2.25
2011.11.17 11:23:13.647,0.70278,0.70319,3.00,2.25
2011.11.17 11:23:16.357,0.70278,0.70319,3.00,2.25
2011.11.17 11:23:16.594,0.70276,0.70315,3.00,2.25
2011.11.17 11:23:19.768,0.70276,0.70315,3.00,2.25
2011.11.17 11:23:21.552,0.70277,0.70318,2.25,2.25
2011.11.17 11:23:21.917,0.70277,0.70318,3.00,2.25
2011.11.17 11:23:25.768,0.70277,0.70318,3.00,3.00
2011.11.17 11:23:31.346,0.70279,0.70318,2.25,3.00
2011.11.17 11:23:32.202,0.70279,0.70318,2.25,3.00
2011.11.17 11:23:32.315,0.70279,0.70318,2.25,2.25
2011.11.17 11:23:32.426,0.70279,0.70318,2.25,3.00
2011.11.17 11:23:32.923,0.70279,0.70318,2.25,2.25
2011.11.17 11:23:33.979,0.7028,0.70319,2.25,3.00
2011.11.17 11:23:34.616,0.7028,0.70319,2.25,3.00
2011.11.17 11:23:34.860,0.70278,0.70319,2.25,3.00
2011.11.17 11:23:37.946,0.70278,0.70317,2.25,2.25
2011.11.17 11:23:49.469,0.70278,0.70317,3.00,2.25
2011.11.17 11:23:49.690,0.70278,0.70317,2.25,2.25
2011.11.17 11:23:50.076,0.70278,0.70317,3.00,2.25
2011.11.17 11:23:50.407,0.70278,0.70317,2.25,2.25
2011.11.17 11:23:51.245,0.70279,0.70318,2.25,2.25
2011.11.17 11:23:51.368,0.70279,0.70318,2.25,3.00
2011.11.17 11:23:52.865,0.70279,0.70314,2.25,1.13
2011.11.17 11:23:53.402,0.70277,0.7031,2.25,1.13
2011.11.17 11:23:55.726,0.70275,0.70309,2.25,3.38
2011.11.17 11:23:56.678,0.70275,0.70309,2.25,3.38
2011.11.17 11:23:57.777,0.70274,0.70308,2.25,3.38
2011.11.17 11:24:03.937,0.70274,0.70308,2.25,3.38
2011.11.17 11:24:04.550,0.70274,0.70308,2.25,3.38
2011.11.17 11:24:06.698,0.70274,0.70308,2.25,3.38
2011.11.17 11:24:10.515,0.70274,0.70308,2.25,3.38
2011.11.17 11:24:10.845,0.70274,0.70306,2.25,1.35
2011.11.17 11:24:11.179,0.7028,0.70314,2.25,3.00
2011.11.17 11:24:11.665,0.7028,0.70314,2.25,2.63
2011.11.17 11:24:11.815,0.70277,0.70312,2.25,2.63
2011.11.17 11:24:13.099,0.70277,0.70312,2.25,2.63
2011.11.17 11:24:13.326,0.70279,0.70312,2.25,2.63
2011.11.17 11:24:14.040,0.70278,0.7031,2.25,2.25
2011.11.17 11:24:14.955,0.70277,0.7031,2.25,2.25
2011.11.17 11:24:15.535,0.70276,0.70308,2.25,2.25
2011.11.17 11:24:15.756,0.70274,0.70307,2.25,2.25
2011.11.17 11:24:17.049,0.70273,0.70306,2.63,2.25
2011.11.17 11:24:17.596,0.70274,0.70308,2.25,2.25
2011.11.17 11:24:17.705,0.70275,0.7031,2.25,2.63
2011.11.17 11:24:19.138,0.70275,0.7031,2.25,3.38
2011.11.17 11:24:19.419,0.70271,0.70303,2.63,2.25
2011.11.17 11:24:20.029,0.7027,0.70304,2.63,2.25
2011.11.17 11:24:20.313,0.70275,0.70307,2.25,2.25
2011.11.17 11:24:21.168,0.70275,0.70307,3.00,2.25
2011.11.17 11:24:21.725,0.70274,0.70308,2.25,2.25
2011.11.17 11:24:22.486,0.70274,0.70308,2.25,2.63
2011.11.17 11:24:22.595,0.70271,0.70304,3.00,2.25
2011.11.17 11:24:25.210,0.70271,0.70305,3.00,2.63
2011.11.17 11:24:27.829,0.70271,0.70305,2.25,2.63
2011.11.17 11:24:28.058,0.70269,0.70304,2.25,2.25
2011.11.17 11:24:28.610,0.70266,0.70299,1.13,2.25
2011.11.17 11:24:28.719,0.70261,0.70308,3.00,2.25
2011.11.17 11:24:30.539,0.70264,0.70308,3.00,2.25
2011.11.17 11:24:30.655,0.70264,0.70308,3.00,2.25
2011.11.17 11:24:32.076,0.70263,0.70313,3.00,2.25
2011.11.17 11:24:32.385,0.70263,0.70311,3.00,2.25
2011.11.17 11:24:33.008,0.70263,0.7031,3.00,2.25
2011.11.17 11:24:33.852,0.70264,0.70312,3.00,2.25
2011.11.17 11:24:34.406,0.70266,0.70313,2.25,3.00
2011.11.17 11:24:34.516,0.70267,0.70313,2.25,2.25
2011.11.17 11:24:35.468,0.70269,0.70313,2.25,2.25
2011.11.17 11:24:37.219,0.70276,0.70317,2.25,3.60
2011.11.17 11:24:37.335,0.70276,0.70317,2.25,3.23
2011.11.17 11:24:37.445,0.70272,0.70313,2.25,2.25
2011.11.17 11:24:37.967,0.70273,0.70313,2.25,3.00
2011.11.17 11:24:38.296,0.70273,0.70305,2.25,2.63
2011.11.17 11:24:38.627,0.70273,0.70305,2.25,1.13
2011.11.17 11:24:39.285,0.70274,0.70305,2.25,2.63
2011.11.17 11:24:39.504,0.70273,0.70305,2.25,3.38
2011.11.17 11:24:39.878,0.70273,0.70305,2.25,2.25
2011.11.17 11:24:41.738,0.70272,0.70305,2.25,2.25
2011.11.17 11:24:42.957,0.7027,0.70303,2.25,2.25
2011.11.17 11:24:43.174,0.70272,0.70306,2.25,2.63
2011.11.17 11:24:46.587,0.70272,0.70306,2.25,3.38
2011.11.17 11:24:47.056,0.70273,0.70306,2.25,2.63
2011.11.17 11:24:47.625,0.70274,0.70305,2.25,2.25
2011.11.17 11:24:48.457,0.70274,0.70308,2.25,2.63
2011.11.17 11:24:50.305,0.70273,0.70306,2.25,2.63
2011.11.17 11:24:54.064,0.70275,0.70309,2.25,3.38
2011.11.17 11:24:55.947,0.70272,0.70306,2.25,2.63
2011.11.17 11:24:57.605,0.70272,0.70305,2.25,2.63
2011.11.17 11:24:57.988,0.70268,0.70302,3.00,2.25
2011.11.17 11:24:58.585,0.70267,0.70301,3.00,2.25
2011.11.17 11:24:59.244,0.70268,0.70302,3.00,2.25
2011.11.17 11:25:00.366,0.70268,0.70303,3.00,2.25
2011.11.17 11:25:00.919,0.70269,0.70305,3.00,2.63
2011.11.17 11:25:01.588,0.70272,0.70305,2.25,2.63
2011.11.17 11:25:02.507,0.70271,0.70302,3.00,2.25
2011.11.17 11:25:03.657,0.70268,0.70306,3.00,2.63
2011.11.17 11:25:05.959,0.70269,0.70304,3.00,2.63
2011.11.17 11:25:06.298,0.70271,0.70305,3.00,2.63
2011.11.17 11:25:06.415,0.70271,0.70306,2.25,2.63
2011.11.17 11:25:07.410,0.70271,0.70306,3.00,2.63
2011.11.17 11:25:07.525,0.70271,0.70306,3.00,3.00
2011.11.17 11:25:12.765,0.70268,0.70302,3.00,2.25
2011.11.17 11:25:12.875,0.7027,0.70318,3.00,3.00
2011.11.17 11:25:12.985,0.7027,0.70309,3.00,2.25
2011.11.17 11:25:16.657,0.7027,0.70309,2.25,3.00
2011.11.17 11:25:17.234,0.70269,0.70308,2.25,2.25
2011.11.17 11:25:21.244,0.70269,0.70307,2.25,2.25
2011.11.17 11:25:21.796,0.70269,0.70308,2.25,2.25
2011.11.17 11:25:21.908,0.70269,0.70308,3.00,2.25
2011.11.17 11:25:22.245,0.7027,0.70309,2.25,2.25
2011.11.17 11:25:22.356,0.7027,0.70309,3.00,2.25
2011.11.17 11:25:22.780,0.7027,0.70309,2.25,3.00
2011.11.17 11:25:25.529,0.7027,0.70309,3.00,2.25
2011.11.17 11:25:25.769,0.70271,0.70312,3.00,2.25
2011.11.17 11:25:25.887,0.70271,0.70312,3.00,3.00
2011.11.17 11:25:26.226,0.70271,0.70312,3.00,2.25
2011.11.17 11:25:29.817,0.70271,0.7031,3.00,2.25
2011.11.17 11:25:32.165,0.7027,0.70309,3.00,2.25
2011.11.17 11:25:33.288,0.7027,0.70309,2.25,3.00
2011.11.17 11:25:33.600,0.70269,0.70307,2.25,2.25
2011.11.17 11:25:33.717,0.70265,0.70306,3.00,2.25
2011.11.17 11:25:34.278,0.70267,0.70306,2.25,2.25
2011.11.17 11:25:36.429,0.70267,0.70306,2.25,3.00
2011.11.17 11:25:38.268,0.70266,0.70305,2.25,3.00
2011.11.17 11:25:38.970,0.70266,0.70305,2.25,2.25
2011.11.17 11:25:39.079,0.70256,0.70298,3.00,2.25
2011.11.17 11:25:43.255,0.70257,0.70299,2.25,3.00
2011.11.17 11:25:47.146,0.70259,0.70298,2.25,2.25
2011.11.17 11:25:47.746,0.70261,0.70303,2.25,2.25
2011.11.17 11:25:47.869,0.70265,0.70304,2.25,3.00
2011.11.17 11:25:51.376,0.70265,0.70304,2.25,3.00
2011.11.17 11:25:53.277,0.70265,0.70304,2.25,3.00
2011.11.17 11:25:54.121,0.70265,0.70304,2.25,3.00
2011.11.17 11:25:56.653,0.70265,0.70304,2.25,3.00
2011.11.17 11:25:56.987,0.70265,0.70304,2.25,3.00
2011.11.17 11:25:57.391,0.70265,0.70304,2.25,3.00
2011.11.17 11:26:00.678,0.70266,0.70304,2.25,3.00
2011.11.17 11:26:00.781,0.70266,0.70304,2.25,3.00
2011.11.17 11:26:00.907,0.70277,0.70316,2.25,3.00
2011.11.17 11:26:01.015,0.70277,0.70316,2.25,3.00
2011.11.17 11:26:01.127,0.70277,0.70316,2.25,3.00
2011.11.17 11:26:01.239,0.70275,0.70316,2.25,3.00
2011.11.17 11:26:01.356,0.70279,0.70317,2.25,3.00
2011.11.17 11:26:03.149,0.70279,0.70317,2.25,3.00
2011.11.17 11:26:03.267,0.70279,0.70317,2.25,2.25
2011.11.17 11:26:04.008,0.70279,0.70317,2.25,3.00
2011.11.17 11:26:04.348,0.70281,0.70322,2.25,3.00
2011.11.17 11:26:05.646,0.70293,0.70326,2.25,1.35
2011.11.17 11:26:05.755,0.70287,0.70326,2.25,1.35
2011.11.17 11:26:06.268,0.70287,0.70326,2.25,3.60
2011.11.17 11:26:07.209,0.70286,0.70326,2.25,1.35
2011.11.17 11:26:08.427,0.70278,0.70323,2.25,1.13
2011.11.17 11:26:09.358,0.70277,0.70308,2.25,2.25
2011.11.17 11:26:09.885,0.70278,0.70309,2.25,3.00
2011.11.17 11:26:10.752,0.70278,0.70311,2.25,2.63
2011.11.17 11:26:11.145,0.70278,0.70313,2.25,1.13
2011.11.17 11:26:11.256,0.70279,0.70315,2.63,2.25
2011.11.17 11:26:11.683,0.70285,0.70317,2.25,2.25
2011.11.17 11:26:11.907,0.70283,0.70317,2.25,2.25
2011.11.17 11:26:12.014,0.70285,0.70317,2.25,2.25
2011.11.17 11:26:14.504,0.70285,0.70317,2.25,2.63
2011.11.17 11:26:14.614,0.70283,0.70314,2.25,2.25
2011.11.17 11:26:15.522,0.70281,0.70315,3.00,2.25
2011.11.17 11:26:15.717,0.70288,0.70327,2.25,1.35
2011.11.17 11:26:16.783,0.70288,0.70329,2.25,3.60
2011.11.17 11:26:17.831,0.70289,0.70329,2.25,3.60
2011.11.17 11:26:17.957,0.70289,0.7033,2.25,3.00
2011.11.17 11:26:18.316,0.70288,0.7033,2.25,3.00
2011.11.17 11:26:18.908,0.70292,0.70331,2.25,3.00
2011.11.17 11:26:19.697,0.70292,0.70331,2.25,3.00
2011.11.17 11:26:20.887,0.70292,0.70331,2.25,3.00
2011.11.17 11:26:21.008,0.70292,0.70331,2.25,3.00
2011.11.17 11:26:21.612,0.70291,0.70332,2.25,3.00
2011.11.17 11:26:22.279,0.70293,0.70334,2.25,3.38
2011.11.17 11:26:22.398,0.70292,0.70331,2.25,3.00
2011.11.17 11:26:24.110,0.70291,0.70331,2.25,3.00
2011.11.17 11:26:24.550,0.70294,0.70333,2.25,3.00
2011.11.17 11:26:24.998,0.703,0.70336,2.25,1.35
2011.11.17 11:26:25.200,0.703,0.70336,2.25,1.35
2011.11.17 11:26:25.963,0.703,0.70336,2.25,1.35
2011.11.17 11:26:26.839,0.703,0.70336,2.25,1.35
2011.11.17 11:26:27.177,0.703,0.70338,2.25,1.35
2011.11.17 11:26:27.290,0.70298,0.70336,2.25,1.35
2011.11.17 11:26:27.409,0.70299,0.70338,2.25,1.35
2011.11.17 11:26:27.525,0.70295,0.70336,2.25,2.85
2011.11.17 11:26:27.637,0.70295,0.70336,2.25,3.60
2011.11.17 11:26:28.474,0.70295,0.70334,2.25,3.00
2011.11.17 11:26:28.815,0.70292,0.70333,2.25,2.25
2011.11.17 11:26:29.278,0.70292,0.70333,2.25,3.00
2011.11.17 11:26:29.666,0.70294,0.70334,2.25,3.00
2011.11.17 11:26:30.264,0.70291,0.70331,2.25,3.00
2011.11.17 11:26:30.493,0.70291,0.70331,3.00,2.25
2011.11.17 11:26:31.086,0.70291,0.70331,2.25,2.25
2011.11.17 11:26:31.209,0.70291,0.70331,2.25,3.00
2011.11.17 11:26:31.325,0.70291,0.70331,2.25,2.25
2011.11.17 11:26:31.436,0.70294,0.70331,1.13,2.25
2011.11.17 11:26:31.765,0.703,0.70331,2.25,2.25
2011.11.17 11:26:32.419,0.703,0.70331,2.25,3.00
2011.11.17 11:26:33.049,0.703,0.70331,2.25,2.25
2011.11.17 11:26:34.199,0.703,0.70331,2.25,3.00
2011.11.17 11:26:36.434,0.703,0.70331,2.25,3.00
2011.11.17 11:26:36.654,0.70292,0.7033,2.25,3.00
2011.11.17 11:26:37.026,0.70298,0.70332,2.25,3.38
2011.11.17 11:26:38.828,0.70297,0.70329,2.25,3.00
2011.11.17 11:26:39.598,0.70297,0.70328,2.25,2.25
2011.11.17 11:26:40.396,0.70296,0.7033,2.25,3.00
2011.11.17 11:26:42.772,0.70296,0.7033,2.25,3.00
2011.11.17 11:26:44.489,0.70296,0.7033,2.25,3.00
2011.11.17 11:26:44.717,0.70293,0.70324,2.25,3.00
2011.11.17 11:26:44.935,0.70289,0.70322,2.25,2.25
2011.11.17 11:26:45.046,0.70281,0.70322,2.25,2.25
2011.11.17 11:26:45.381,0.70281,0.70322,2.25,3.00
2011.11.17 11:26:46.037,0.70281,0.70322,2.25,2.85
2011.11.17 11:26:49.178,0.70281,0.70322,3.00,2.25
2011.11.17 11:26:49.394,0.70287,0.70326,2.25,1.35
2011.11.17 11:26:49.504,0.70282,0.70321,2.25,2.25
2011.11.17 11:26:52.168,0.70282,0.7032,2.25,2.25
2011.11.17 11:26:52.700,0.70282,0.7032,2.25,3.00
2011.11.17 11:26:53.098,0.70277,0.70316,2.25,2.25
2011.11.17 11:26:53.212,0.70284,0.70318,2.25,2.63
2011.11.17 11:26:53.654,0.70284,0.70318,2.25,3.75
2011.11.17 11:26:53.768,0.70284,0.70318,2.25,3.60
2011.11.17 11:26:53.995,0.70276,0.70317,2.25,2.85
2011.11.17 11:26:54.105,0.70275,0.70314,2.25,2.25
2011.11.17 11:26:54.565,0.70282,0.70319,2.25,1.35
2011.11.17 11:26:54.968,0.70275,0.70316,3.00,2.85
2011.11.17 11:26:55.075,0.70276,0.70316,2.25,1.35
2011.11.17 11:26:55.434,0.70279,0.70317,2.25,2.85
2011.11.17 11:26:56.088,0.70281,0.70321,2.25,2.25
2011.11.17 11:26:56.946,0.70282,0.70321,2.25,2.25
2011.11.17 11:26:57.147,0.70282,0.70321,2.25,3.00
2011.11.17 11:26:57.538,0.70273,0.70321,2.25,3.00
2011.11.17 11:26:58.069,0.70284,0.70323,2.25,3.00
2011.11.17 11:26:58.727,0.70284,0.70323,2.25,3.00
2011.11.17 11:26:59.126,0.70282,0.70321,2.25,3.00
2011.11.17 11:27:00.430,0.70285,0.70324,2.25,1.35
2011.11.17 11:27:00.912,0.70288,0.70324,2.25,1.35
2011.11.17 11:27:01.552,0.70288,0.70324,2.25,1.35
2011.11.17 11:27:01.777,0.70288,0.70324,2.25,1.35
2011.11.17 11:27:01.994,0.70288,0.70327,2.25,3.00
2011.11.17 11:27:02.109,0.7029,0.70329,2.25,3.00
2011.11.17 11:27:02.226,0.70293,0.70334,2.25,3.00
2011.11.17 11:27:05.106,0.70295,0.70333,2.25,3.00
2011.11.17 11:27:06.445,0.70293,0.70334,2.25,3.00
2011.11.17 11:27:06.847,0.70295,0.70333,2.25,3.00
2011.11.17 11:27:06.958,0.70295,0.70333,2.25,2.25
2011.11.17 11:27:07.275,0.70294,0.70335,2.25,3.00
2011.11.17 11:27:07.505,0.70297,0.70336,2.25,3.60
2011.11.17 11:27:07.948,0.703,0.70341,2.25,3.00
2011.11.17 11:27:08.537,0.70299,0.70338,2.25,3.00
2011.11.17 11:27:08.649,0.70297,0.70336,2.25,3.00
2011.11.17 11:27:09.187,0.70297,0.70336,2.25,2.25
2011.11.17 11:27:09.399,0.70297,0.70336,2.25,3.00
2011.11.17 11:27:10.157,0.70296,0.70328,2.25,2.25
2011.11.17 11:27:13.546,0.70297,0.70329,2.25,3.38
2011.11.17 11:27:14.427,0.70298,0.70329,2.25,1.13
2011.11.17 11:27:15.373,0.70297,0.70329,2.25,3.38
2011.11.17 11:27:16.410,0.70298,0.70329,2.25,1.13
2011.11.17 11:27:16.985,0.70297,0.70329,2.25,3.38
2011.11.17 11:27:21.388,0.70297,0.70329,2.25,1.13
2011.11.17 11:27:22.166,0.70297,0.70329,2.25,1.13
2011.11.17 11:27:23.175,0.70299,0.70329,2.25,1.13
2011.11.17 11:27:23.890,0.70297,0.70329,2.25,1.13
2011.11.17 11:27:25.345,0.70289,0.7033,2.25,3.00
2011.11.17 11:27:25.455,0.70289,0.70329,2.63,1.13
2011.11.17 11:27:25.772,0.70298,0.70328,2.25,1.13
2011.11.17 11:27:27.251,0.70296,0.7033,3.00,2.63
2011.11.17 11:27:28.195,0.70296,0.7033,3.00,2.63
2011.11.17 11:27:30.517,0.70296,0.70329,2.25,1.13
2011.11.17 11:27:31.291,0.70296,0.7033,3.00,2.63
2011.11.17 11:27:32.907,0.70298,0.7033,2.25,2.63
2011.11.17 11:27:33.345,0.703,0.70337,2.25,3.23
2011.11.17 11:27:33.457,0.70302,0.70335,2.25,2.25
2011.11.17 11:27:34.110,0.70303,0.70335,2.25,2.63
2011.11.17 11:27:35.793,0.70306,0.70338,2.25,1.13
2011.11.17 11:27:38.896,0.70306,0.70339,2.25,2.63
2011.11.17 11:27:40.375,0.70306,0.7034,2.25,2.63
2011.11.17 11:27:40.925,0.70307,0.70341,3.00,2.63
2011.11.17 11:27:43.410,0.70309,0.70342,2.25,2.63
2011.11.17 11:27:43.759,0.70306,0.7034,3.00,2.63
2011.11.17 11:27:44.344,0.70306,0.7034,3.00,2.63
2011.11.17 11:27:45.548,0.70306,0.70339,3.00,2.63
2011.11.17 11:27:47.920,0.70306,0.70339,3.00,2.63
2011.11.17 11:27:48.465,0.70307,0.70339,2.25,2.25
2011.11.17 11:28:17.948,0.70308,0.7034,2.25,3.60
2011.11.17 11:28:18.430,0.70311,0.70339,2.25,1.13
2011.11.17 11:28:18.550,0.70307,0.70339,2.25,3.00
2011.11.17 11:28:18.886,0.70299,0.70338,2.63,2.25
2011.11.17 11:28:19.108,0.70297,0.70333,1.13,2.25
2011.11.17 11:28:20.207,0.70307,0.70339,2.25,2.63
2011.11.17 11:28:20.805,0.70306,0.70339,2.25,2.63
2011.11.17 11:28:21.739,0.70305,0.70339,3.00,2.63
2011.11.17 11:28:21.856,0.70305,0.70339,2.25,2.63
2011.11.17 11:28:23.858,0.70305,0.70348,2.25,3.60
2011.11.17 11:28:24.165,0.70305,0.70346,2.25,1.35
2011.11.17 11:28:25.836,0.70304,0.70337,2.25,2.25
2011.11.17 11:28:26.628,0.70304,0.70337,3.00,2.25
2011.11.17 11:28:27.083,0.70305,0.70345,3.00,2.25
2011.11.17 11:28:27.891,0.70305,0.70344,3.00,2.25
2011.11.17 11:28:30.904,0.70305,0.70344,2.25,2.25
2011.11.17 11:28:34.224,0.70305,0.70344,2.25,3.00
2011.11.17 11:28:34.527,0.70303,0.70337,2.25,2.25
2011.11.17 11:28:35.201,0.70303,0.70338,2.25,3.38
2011.11.17 11:28:35.538,0.703,0.70341,3.00,2.25
2011.11.17 11:28:36.019,0.703,0.70341,3.00,2.25
2011.11.17 11:28:36.385,0.703,0.70341,3.00,2.25
2011.11.17 11:28:37.018,0.70298,0.70339,3.00,2.25
2011.11.17 11:28:37.369,0.70298,0.70337,3.00,2.25
2011.11.17 11:28:37.595,0.70299,0.70346,3.00,2.25
2011.11.17 11:28:38.015,0.70298,0.70346,3.00,2.25
2011.11.17 11:28:38.198,0.70298,0.70346,3.00,2.25
2011.11.17 11:28:38.745,0.70299,0.70346,3.00,2.25
2011.11.17 11:28:39.278,0.70299,0.70346,3.00,3.00
2011.11.17 11:28:39.903,0.70298,0.70346,3.00,2.25
2011.11.17 11:28:40.379,0.70307,0.70346,3.00,2.25
2011.11.17 11:28:41.775,0.70308,0.70346,2.25,2.25
2011.11.17 11:28:42.283,0.70308,0.70347,2.25,2.25
2011.11.17 11:28:43.051,0.70307,0.70348,3.00,3.00
2011.11.17 11:28:43.586,0.70307,0.70348,2.25,3.00
2011.11.17 11:28:43.817,0.70307,0.70347,3.00,2.25
2011.11.17 11:28:44.078,0.70306,0.70347,3.00,2.25
2011.11.17 11:28:44.409,0.70311,0.70346,1.13,2.25
2011.11.17 11:28:44.978,0.70309,0.70341,1.13,2.25
2011.11.17 11:28:45.198,0.70308,0.7035,2.25,2.25
2011.11.17 11:28:45.418,0.70306,0.70354,3.00,1.35
2011.11.17 11:28:45.637,0.70302,0.70348,3.00,2.25
2011.11.17 11:28:47.151,0.70302,0.70348,2.25,2.25
2011.11.17 11:28:47.814,0.70308,0.70349,2.25,3.00
2011.11.17 11:28:48.249,0.7031,0.70349,2.25,3.00
2011.11.17 11:28:48.589,0.70305,0.70348,2.25,3.00
2011.11.17 11:28:48.710,0.70298,0.70346,2.25,1.13
2011.11.17 11:28:48.936,0.70296,0.70339,2.25,1.13
2011.11.17 11:28:49.407,0.70287,0.70331,2.25,2.25
2011.11.17 11:28:50.195,0.70286,0.70331,3.00,2.25
2011.11.17 11:28:50.942,0.70286,0.7033,3.00,2.25
2011.11.17 11:28:52.978,0.70282,0.70323,3.00,2.25
2011.11.17 11:28:53.085,0.70284,0.70332,3.00,2.25
2011.11.17 11:28:56.215,0.70283,0.70331,3.00,2.25
2011.11.17 11:28:56.340,0.70285,0.70331,3.00,2.25
2011.11.17 11:28:56.937,0.70284,0.7033,3.00,2.25
2011.11.17 11:28:57.157,0.70284,0.7033,3.00,2.25
2011.11.17 11:28:57.265,0.70282,0.70323,3.00,2.25
2011.11.17 11:28:58.990,0.70282,0.70323,2.25,2.25
2011.11.17 11:28:59.572,0.7028,0.70321,2.25,2.25
2011.11.17 11:28:59.678,0.70275,0.70319,3.00,2.25
2011.11.17 11:28:59.905,0.70272,0.70317,3.00,2.25
2011.11.17 11:29:01.067,0.70272,0.70317,2.25,3.00
2011.11.17 11:29:01.175,0.70272,0.70317,2.25,2.25
2011.11.17 11:29:01.708,0.70272,0.70317,2.25,3.00
2011.11.17 11:29:01.835,0.70272,0.70317,2.25,2.25
2011.11.17 11:29:01.946,0.70267,0.70317,2.85,2.25
2011.11.17 11:29:03.908,0.70267,0.70317,2.85,2.63
2011.11.17 11:29:04.136,0.70266,0.70311,3.00,2.25
2011.11.17 11:29:04.729,0.70267,0.70311,3.00,2.25
2011.11.17 11:29:05.272,0.70268,0.70311,2.25,2.25
2011.11.17 11:29:05.857,0.70265,0.7031,3.00,2.25
2011.11.17 11:29:06.947,0.70265,0.7031,2.25,3.00
2011.11.17 11:29:07.507,0.70263,0.70311,2.25,2.25
2011.11.17 11:29:07.680,0.70263,0.70311,2.25,2.85
2011.11.17 11:29:07.799,0.7026,0.70309,2.25,2.85
2011.11.17 11:29:08.329,0.70257,0.70301,2.25,2.25
2011.11.17 11:29:08.570,0.70255,0.70302,2.25,2.25
2011.11.17 11:29:08.809,0.70258,0.70302,2.25,2.25
2011.11.17 11:29:08.927,0.70254,0.70301,2.25,2.25
2011.11.17 11:29:09.220,0.70254,0.70301,3.00,2.25
2011.11.17 11:29:09.588,0.7026,0.70302,2.25,2.25
2011.11.17 11:29:11.747,0.70257,0.70303,2.25,2.25
2011.11.17 11:29:12.277,0.70255,0.70302,2.25,3.00
2011.11.17 11:29:14.285,0.7026,0.70303,2.25,3.00
2011.11.17 11:29:15.306,0.7026,0.70303,2.25,2.25
2011.11.17 11:29:20.545,0.7026,0.70303,2.25,3.00
2011.11.17 11:29:20.988,0.70259,0.70298,2.25,3.00
2011.11.17 11:29:21.097,0.70261,0.70299,2.25,1.35
2011.11.17 11:29:21.210,0.70253,0.70299,2.25,1.35
2011.11.17 11:29:21.325,0.70249,0.70297,2.25,3.00
2011.11.17 11:29:21.545,0.70249,0.70297,3.00,2.25
2011.11.17 11:29:22.017,0.70259,0.70298,2.25,2.25
2011.11.17 11:29:22.235,0.70257,0.70298,3.00,3.00
2011.11.17 11:29:22.993,0.70259,0.70298,2.25,3.00
2011.11.17 11:29:23.459,0.70259,0.70298,2.25,3.00
2011.11.17 11:29:24.700,0.7026,0.70299,2.25,3.60
2011.11.17 11:29:26.126,0.70251,0.70292,3.00,2.25
2011.11.17 11:29:26.348,0.70251,0.70288,3.00,1.50
2011.11.17 11:29:26.851,0.70255,0.70283,2.25,1.13
2011.11.17 11:29:26.972,0.70248,0.70285,2.25,1.35
2011.11.17 11:29:27.087,0.70245,0.70285,2.25,3.60
