2018.04.03 07:00:00.471,0.69247,0.69266,1.00,1.00
2018.04.03 07:00:01.566,0.69246,0.69266,1.57,1.00
2018.04.03 07:00:02.129,0.69246,0.69267,1.57,1.00
2018.04.03 07:00:02.317,0.69246,0.69265,1.57,1.00
2018.04.03 07:00:02.548,0.69246,0.69267,1.57,1.00
2018.04.03 07:00:02.699,0.6925,0.69267,1.00,1.00
2018.04.03 07:00:03.204,0.69249,0.69268,1.10,1.00
2018.04.03 07:00:03.534,0.69252,0.69272,1.10,1.00
2018.04.03 07:00:03.637,0.69254,0.69272,1.00,1.50
2018.04.03 07:00:04.174,0.69253,0.69272,1.00,1.00
2018.04.03 07:00:04.480,0.69242,0.69262,1.47,1.12
2018.04.03 07:00:05.838,0.69242,0.69262,1.50,1.12
2018.04.03 07:00:06.356,0.69242,0.69261,1.12,1.00
2018.04.03 07:00:06.890,0.69243,0.6926,1.00,1.00
2018.04.03 07:00:07.436,0.69244,0.69261,1.00,1.50
2018.04.03 07:00:08.180,0.69242,0.69261,1.95,1.00
2018.04.03 07:00:08.800,0.69243,0.69261,1.00,1.00
2018.04.03 07:00:12.009,0.69244,0.69261,1.00,1.87
2018.04.03 07:00:12.587,0.69243,0.6926,1.00,1.00
2018.04.03 07:00:13.361,0.6924,0.69258,1.50,1.00
2018.04.03 07:00:13.516,0.6924,0.69256,1.00,1.00
2018.04.03 07:00:14.151,0.6924,0.69255,1.50,1.00
2018.04.03 07:00:14.253,0.69239,0.69257,1.37,1.00
2018.04.03 07:00:14.405,0.69241,0.69259,1.12,1.00
2018.04.03 07:00:14.846,0.69244,0.6926,1.00,1.00
2018.04.03 07:00:15.004,0.69244,0.69262,1.00,1.00
2018.04.03 07:00:15.466,0.69246,0.69261,1.00,1.00
2018.04.03 07:00:15.709,0.69245,0.69263,1.12,1.00
2018.04.03 07:00:15.760,0.69247,0.69262,1.00,1.00
2018.04.03 07:00:15.813,0.69245,0.69263,1.87,1.00
2018.04.03 07:00:15.864,0.69247,0.69262,1.00,1.00
2018.04.03 07:00:16.180,0.69244,0.69262,1.20,1.00
2018.04.03 07:00:16.760,0.69243,0.69261,2.62,1.00
2018.04.03 07:00:17.500,0.69247,0.69265,1.00,1.45
2018.04.03 07:00:17.996,0.69245,0.69262,1.00,1.00
2018.04.03 07:00:18.047,0.69246,0.69264,1.50,1.00
2018.04.03 07:00:18.184,0.69248,0.69264,1.00,1.00
2018.04.03 07:00:19.116,0.69247,0.69265,1.00,1.00
2018.04.03 07:00:19.446,0.6925,0.69266,1.00,1.00
2018.04.03 07:00:19.961,0.69248,0.69266,2.32,1.00
2018.04.03 07:00:20.221,0.6925,0.69265,1.00,1.00
2018.04.03 07:00:20.272,0.69249,0.69267,1.00,1.50
2018.04.03 07:00:20.323,0.69249,0.69267,2.25,1.00
2018.04.03 07:00:20.526,0.69252,0.6927,1.00,1.00
2018.04.03 07:00:20.627,0.69248,0.69266,3.00,1.00
2018.04.03 07:00:20.806,0.69248,0.69266,1.87,1.00
2018.04.03 07:00:21.009,0.69249,0.69266,1.37,1.00
2018.04.03 07:00:21.673,0.69254,0.69269,1.00,1.00
2018.04.03 07:00:21.724,0.69253,0.69271,1.00,1.87
2018.04.03 07:00:21.879,0.69251,0.69269,2.70,1.00
2018.04.03 07:00:22.035,0.69253,0.69271,1.37,1.50
2018.04.03 07:00:22.713,0.69254,0.6927,1.37,1.00
2018.04.03 07:00:23.002,0.69254,0.69272,1.45,1.12
2018.04.03 07:00:23.314,0.69253,0.6927,2.70,1.00
2018.04.03 07:00:23.835,0.69253,0.69271,2.70,1.00
2018.04.03 07:00:24.424,0.69254,0.6927,1.47,1.00
2018.04.03 07:00:25.386,0.69255,0.69271,1.12,1.00
2018.04.03 07:00:25.781,0.69254,0.69269,1.37,1.00
2018.04.03 07:00:26.464,0.69254,0.69269,1.12,1.00
2018.04.03 07:00:27.516,0.69256,0.69272,1.00,1.12
2018.04.03 07:00:28.068,0.69255,0.69273,1.47,1.37
2018.04.03 07:00:29.485,0.69253,0.69267,1.20,1.00
2018.04.03 07:00:29.587,0.6925,0.69266,1.00,1.00
2018.04.03 07:00:30.021,0.69253,0.6927,1.00,1.00
2018.04.03 07:00:30.140,0.69251,0.69268,1.37,1.00
2018.04.03 07:00:30.394,0.69254,0.69271,1.50,1.00
2018.04.03 07:00:30.495,0.69256,0.69271,1.00,1.00
2018.04.03 07:00:30.546,0.69254,0.69271,2.32,1.00
2018.04.03 07:00:30.597,0.69256,0.69273,1.00,1.50
2018.04.03 07:00:31.034,0.69258,0.69273,1.00,1.50
2018.04.03 07:00:31.187,0.69256,0.69273,1.00,1.50
2018.04.03 07:00:31.725,0.69255,0.69273,1.00,1.50
2018.04.03 07:00:31.887,0.69254,0.69271,2.25,1.00
2018.04.03 07:00:32.142,0.69253,0.6927,1.00,1.00
2018.04.03 07:00:32.656,0.69253,0.69268,1.00,1.00
2018.04.03 07:00:33.174,0.69254,0.69269,1.00,1.00
2018.04.03 07:00:33.275,0.69252,0.69269,1.12,1.00
2018.04.03 07:00:33.326,0.69254,0.6927,1.00,1.00
2018.04.03 07:00:33.430,0.69252,0.69272,1.12,1.57
2018.04.03 07:00:33.481,0.69255,0.69272,1.00,1.50
2018.04.03 07:00:33.883,0.69254,0.69274,1.57,1.00
2018.04.03 07:00:34.087,0.69257,0.69275,1.00,1.00
2018.04.03 07:00:34.596,0.69258,0.69275,1.12,1.00
2018.04.03 07:00:35.000,0.69258,0.69273,1.00,1.00
2018.04.03 07:00:35.155,0.69258,0.69275,1.00,1.00
2018.04.03 07:00:35.779,0.69258,0.69274,1.00,1.00
2018.04.03 07:00:35.830,0.69256,0.69273,1.12,1.00
2018.04.03 07:00:36.035,0.69257,0.69274,1.87,1.00
2018.04.03 07:00:36.565,0.69257,0.69274,1.87,1.00
2018.04.03 07:00:37.092,0.69256,0.69273,1.87,1.00
2018.04.03 07:00:37.605,0.69257,0.69274,1.87,1.00
2018.04.03 07:00:37.959,0.69258,0.69276,1.00,1.00
2018.04.03 07:00:38.060,0.69257,0.69273,1.12,1.00
2018.04.03 07:00:39.166,0.69255,0.69273,1.20,1.00
2018.04.03 07:00:39.379,0.69257,0.69272,1.00,1.00
2018.04.03 07:00:39.633,0.69257,0.69274,1.12,1.00
2018.04.03 07:00:40.235,0.69256,0.69273,2.32,1.00
2018.04.03 07:00:40.785,0.69256,0.69274,1.20,1.00
2018.04.03 07:00:41.875,0.69258,0.69275,1.00,1.00
2018.04.03 07:00:43.251,0.69257,0.69274,1.12,1.00
2018.04.03 07:00:44.199,0.69259,0.69274,1.00,1.00
2018.04.03 07:00:44.250,0.69259,0.69276,1.00,1.00
2018.04.03 07:00:44.770,0.6926,0.69277,1.12,1.00
2018.04.03 07:00:45.391,0.6926,0.69278,1.12,1.00
2018.04.03 07:00:45.543,0.69263,0.69278,1.00,1.00
2018.04.03 07:00:47.234,0.69262,0.69277,1.00,1.00
2018.04.03 07:00:47.490,0.69262,0.69279,1.00,1.00
2018.04.03 07:00:48.093,0.69262,0.69277,1.12,1.00
2018.04.03 07:00:48.247,0.69259,0.69276,1.00,1.00
2018.04.03 07:00:48.299,0.69257,0.69274,2.25,1.00
2018.04.03 07:00:48.453,0.69256,0.69274,1.95,1.00
2018.04.03 07:00:48.961,0.69257,0.69272,1.10,1.00
2018.04.03 07:00:49.465,0.69256,0.69273,1.95,1.00
2018.04.03 07:00:50.215,0.69258,0.69273,1.00,1.00
2018.04.03 07:00:50.804,0.69258,0.69274,1.12,1.00
2018.04.03 07:00:50.855,0.69258,0.69276,1.12,1.00
2018.04.03 07:00:50.906,0.69257,0.69274,1.20,1.00
2018.04.03 07:00:51.607,0.69257,0.69275,1.00,1.00
2018.04.03 07:00:52.108,0.69257,0.69274,1.00,1.00
2018.04.03 07:00:52.619,0.69258,0.69275,1.00,1.00
2018.04.03 07:00:53.102,0.69258,0.69273,1.00,1.00
2018.04.03 07:00:53.306,0.69257,0.69275,1.00,1.00
2018.04.03 07:00:55.140,0.69257,0.69274,1.00,1.00
2018.04.03 07:00:55.676,0.69257,0.69272,1.87,1.00
2018.04.03 07:00:55.778,0.69257,0.69274,1.87,1.00
2018.04.03 07:00:55.879,0.69256,0.69273,1.57,1.00
2018.04.03 07:00:56.557,0.69256,0.69271,1.57,1.00
2018.04.03 07:00:56.608,0.69256,0.69273,1.50,1.00
2018.04.03 07:00:57.642,0.69256,0.69273,1.50,1.00
2018.04.03 07:00:58.188,0.69257,0.69274,1.50,1.00
2018.04.03 07:00:58.774,0.69257,0.69272,1.10,1.00
2018.04.03 07:00:59.949,0.69256,0.69273,2.32,1.00
2018.04.03 07:01:00.487,0.69258,0.69273,1.12,1.00
2018.04.03 07:01:00.844,0.6926,0.69277,1.00,1.12
2018.04.03 07:01:00.896,0.69258,0.69275,1.95,1.00
2018.04.03 07:01:01.365,0.69261,0.69276,1.00,1.00
2018.04.03 07:01:01.946,0.69259,0.69276,2.25,1.00
2018.04.03 07:01:02.486,0.6926,0.69277,1.12,1.00
2018.04.03 07:01:02.843,0.6926,0.69275,1.12,1.00
2018.04.03 07:01:03.284,0.69257,0.69274,1.00,1.00
2018.04.03 07:01:04.286,0.69256,0.69271,1.00,1.00
2018.04.03 07:01:04.391,0.69256,0.69273,1.00,1.50
2018.04.03 07:01:05.191,0.69255,0.69272,1.50,1.00
2018.04.03 07:01:05.718,0.69256,0.69273,1.00,1.00
2018.04.03 07:01:06.151,0.69251,0.69269,1.47,1.12
2018.04.03 07:01:06.460,0.69246,0.69263,1.57,1.00
2018.04.03 07:01:06.923,0.69245,0.69261,1.20,1.00
2018.04.03 07:01:08.529,0.69245,0.6926,1.12,1.00
2018.04.03 07:01:09.184,0.69244,0.69262,1.47,1.12
2018.04.03 07:01:09.497,0.69246,0.69261,1.37,1.00
2018.04.03 07:01:09.548,0.69245,0.69263,1.47,1.00
2018.04.03 07:01:09.650,0.69246,0.69264,1.20,1.00
2018.04.03 07:01:09.701,0.69247,0.69262,1.00,1.00
2018.04.03 07:01:10.050,0.69247,0.69264,1.12,1.00
2018.04.03 07:01:10.597,0.69248,0.69265,1.00,1.00
2018.04.03 07:01:11.135,0.69249,0.69265,1.00,1.00
2018.04.03 07:01:12.891,0.69247,0.69265,1.20,1.00
2018.04.03 07:01:12.995,0.69249,0.69264,1.00,1.00
2018.04.03 07:01:13.115,0.69247,0.69265,1.20,1.00
2018.04.03 07:01:13.682,0.69247,0.69264,1.12,1.00
2018.04.03 07:01:13.733,0.69247,0.69264,1.37,1.00
2018.04.03 07:01:15.100,0.69246,0.69262,2.32,1.00
2018.04.03 07:01:15.259,0.69246,0.69264,3.07,1.00
2018.04.03 07:01:15.762,0.69249,0.69264,1.12,1.00
2018.04.03 07:01:17.307,0.69247,0.69265,1.57,1.00
2018.04.03 07:01:17.876,0.69249,0.69266,1.00,1.00
2018.04.03 07:01:18.394,0.6925,0.69267,1.00,1.00
2018.04.03 07:01:18.805,0.6925,0.69265,1.00,1.00
2018.04.03 07:01:18.942,0.69248,0.69266,1.10,1.00
2018.04.03 07:01:19.455,0.69248,0.69265,1.00,1.00
2018.04.03 07:01:20.759,0.69247,0.69264,1.57,1.00
2018.04.03 07:01:20.810,0.69249,0.69264,1.00,1.00
2018.04.03 07:01:20.861,0.69247,0.69265,1.57,1.00
2018.04.03 07:01:21.689,0.69248,0.69265,1.50,1.00
2018.04.03 07:01:22.723,0.69249,0.69266,1.00,1.00
2018.04.03 07:01:23.229,0.6925,0.69265,1.00,1.00
2018.04.03 07:01:26.637,0.6925,0.69266,1.00,1.00
2018.04.03 07:01:27.362,0.69248,0.69266,1.37,1.00
2018.04.03 07:01:28.027,0.69248,0.69265,1.37,1.00
2018.04.03 07:01:28.736,0.69248,0.69265,1.37,1.00
2018.04.03 07:01:29.282,0.69248,0.69265,1.12,1.00
2018.04.03 07:01:32.292,0.69248,0.69266,1.20,1.00
2018.04.03 07:01:32.832,0.69248,0.69265,1.12,1.00
2018.04.03 07:01:34.553,0.69249,0.69265,1.00,1.00
2018.04.03 07:01:35.137,0.6925,0.69265,1.00,1.00
2018.04.03 07:01:36.417,0.69248,0.69265,1.12,1.00
2018.04.03 07:01:37.026,0.69249,0.69264,1.00,1.00
2018.04.03 07:01:37.292,0.69246,0.69264,1.45,1.00
2018.04.03 07:01:38.078,0.69246,0.69263,1.87,1.00
2018.04.03 07:01:39.117,0.69246,0.69261,1.00,1.00
2018.04.03 07:01:39.359,0.69244,0.69261,1.12,1.00
2018.04.03 07:01:41.087,0.69244,0.69259,1.87,1.00
2018.04.03 07:01:49.565,0.69245,0.69261,1.00,1.12
2018.04.03 07:01:55.960,0.69243,0.69261,1.37,1.37
2018.04.03 07:01:56.475,0.69242,0.69261,1.00,1.87
2018.04.03 07:02:00.556,0.69241,0.69259,1.00,1.00
2018.04.03 07:02:01.217,0.6924,0.69259,1.00,1.37
2018.04.03 07:02:01.637,0.69242,0.69258,1.00,1.12
2018.04.03 07:02:02.258,0.69241,0.6926,1.00,2.25
2018.04.03 07:02:05.863,0.69243,0.69261,1.00,2.32
2018.04.03 07:02:05.923,0.69244,0.69262,1.87,1.37
2018.04.03 07:02:06.546,0.69244,0.69262,1.00,1.00
2018.04.03 07:02:08.644,0.69243,0.69262,1.50,1.00
2018.04.03 07:02:08.799,0.69244,0.6926,1.00,1.00
2018.04.03 07:02:12.499,0.69242,0.69261,2.25,1.00
2018.04.03 07:02:12.654,0.69237,0.69256,1.00,1.12
2018.04.03 07:02:12.916,0.69234,0.6925,1.00,1.00
2018.04.03 07:02:13.021,0.69228,0.69247,1.00,1.87
2018.04.03 07:02:13.882,0.69228,0.69246,1.00,1.00
2018.04.03 07:02:14.396,0.69229,0.69247,1.00,1.87
2018.04.03 07:02:14.448,0.69231,0.69247,1.00,1.87
2018.04.03 07:02:14.996,0.69231,0.69248,1.00,1.00
2018.04.03 07:02:15.519,0.69232,0.69248,1.00,1.50
2018.04.03 07:02:17.382,0.6923,0.69248,1.12,1.00
2018.04.03 07:02:19.308,0.69229,0.69246,1.12,1.12
2018.04.03 07:02:19.635,0.69229,0.69246,1.00,1.87
2018.04.03 07:02:20.217,0.69228,0.69246,1.12,1.37
2018.04.03 07:02:24.249,0.69227,0.69246,1.00,1.95
2018.04.03 07:02:24.688,0.69226,0.69244,1.00,1.37
2018.04.03 07:02:24.836,0.69223,0.69242,1.95,1.37
2018.04.03 07:02:24.938,0.69227,0.69242,1.00,1.37
2018.04.03 07:02:25.040,0.6923,0.69245,1.00,1.50
2018.04.03 07:02:25.091,0.69229,0.69248,1.00,1.87
2018.04.03 07:02:25.399,0.69229,0.69247,1.00,1.87
2018.04.03 07:02:26.043,0.69229,0.69247,1.00,1.00
2018.04.03 07:02:27.228,0.69231,0.69247,1.00,1.50
2018.04.03 07:02:28.504,0.6923,0.69249,1.00,3.37
2018.04.03 07:02:30.163,0.69231,0.69249,1.00,2.62
2018.04.03 07:02:30.841,0.69232,0.6925,1.12,1.87
2018.04.03 07:02:31.751,0.69232,0.6925,1.00,1.37
2018.04.03 07:02:32.318,0.69231,0.6925,1.00,1.87
2018.04.03 07:02:34.301,0.69232,0.6925,1.00,1.87
2018.04.03 07:02:35.600,0.69233,0.69251,1.00,2.62
2018.04.03 07:02:35.652,0.69233,0.69252,1.00,3.37
2018.04.03 07:02:36.239,0.69233,0.69251,1.00,1.37
2018.04.03 07:02:39.258,0.69232,0.69251,1.00,1.37
2018.04.03 07:02:41.568,0.69233,0.69251,1.00,1.37
2018.04.03 07:02:42.359,0.69232,0.69251,1.00,1.37
2018.04.03 07:02:43.638,0.69234,0.69251,1.00,1.37
2018.04.03 07:02:43.842,0.69236,0.69255,1.00,3.67
2018.04.03 07:02:44.179,0.69233,0.6925,1.00,1.00
2018.04.03 07:02:44.282,0.69231,0.6925,1.50,1.00
2018.04.03 07:02:45.613,0.69233,0.69251,1.00,1.00
2018.04.03 07:02:46.177,0.69232,0.6925,1.00,1.00
2018.04.03 07:02:46.685,0.69231,0.6925,1.00,1.50
2018.04.03 07:02:47.442,0.69232,0.6925,1.00,1.00
2018.04.03 07:02:48.783,0.69238,0.69253,1.00,1.87
2018.04.03 07:02:48.885,0.69238,0.69254,1.00,1.50
2018.04.03 07:02:49.390,0.69237,0.69255,1.00,1.87
2018.04.03 07:02:49.990,0.69236,0.69253,1.00,1.12
2018.04.03 07:02:50.647,0.69237,0.69255,1.10,1.37
2018.04.03 07:02:50.749,0.69237,0.69255,1.20,1.00
2018.04.03 07:02:51.270,0.69238,0.69256,1.20,1.12
2018.04.03 07:02:51.473,0.6924,0.69255,1.00,1.00
2018.04.03 07:02:51.997,0.6924,0.69256,1.00,1.00
2018.04.03 07:02:52.555,0.69241,0.69256,1.00,1.00
2018.04.03 07:02:53.061,0.69242,0.69256,1.00,1.00
2018.04.03 07:02:53.569,0.69243,0.6926,1.00,1.12
2018.04.03 07:02:53.620,0.69245,0.6926,1.00,1.00
2018.04.03 07:02:54.143,0.69243,0.69259,1.00,1.00
2018.04.03 07:02:54.244,0.6924,0.69256,1.12,1.00
2018.04.03 07:02:54.346,0.69237,0.69254,1.00,1.12
2018.04.03 07:02:54.448,0.69236,0.69254,1.00,1.87
2018.04.03 07:02:55.151,0.69238,0.69254,1.00,1.00
2018.04.03 07:02:55.585,0.69241,0.69256,1.00,1.60
2018.04.03 07:02:55.807,0.69239,0.69256,1.00,1.00
2018.04.03 07:02:55.858,0.69241,0.69256,1.00,1.00
2018.04.03 07:02:56.397,0.69242,0.69258,1.00,1.00
2018.04.03 07:02:56.450,0.69243,0.6926,1.00,1.00
2018.04.03 07:02:56.780,0.69245,0.6926,1.00,1.00
2018.04.03 07:02:56.933,0.69245,0.69262,1.00,1.50
2018.04.03 07:02:57.506,0.69244,0.69261,1.00,1.00
2018.04.03 07:02:58.889,0.69244,0.69261,1.07,1.00
2018.04.03 07:02:59.083,0.69243,0.69262,1.10,1.50
2018.04.03 07:02:59.701,0.69243,0.69261,1.00,1.00
2018.04.03 07:03:00.321,0.69242,0.69261,1.12,2.25
2018.04.03 07:03:00.373,0.69242,0.69259,1.00,1.00
2018.04.03 07:03:00.834,0.69243,0.69261,1.00,1.50
2018.04.03 07:03:01.371,0.69243,0.6926,1.00,1.00
2018.04.03 07:03:01.904,0.69241,0.6926,1.20,1.00
2018.04.03 07:03:02.042,0.69241,0.6926,1.37,1.00
2018.04.03 07:03:02.097,0.69246,0.69263,1.00,1.00
2018.04.03 07:03:02.300,0.69247,0.69265,1.00,1.87
2018.04.03 07:03:02.868,0.69247,0.69264,1.00,1.50
2018.04.03 07:03:05.283,0.69245,0.69263,1.00,1.00
2018.04.03 07:03:07.075,0.69241,0.69258,1.47,1.00
2018.04.03 07:03:07.177,0.69239,0.69256,1.00,1.00
2018.04.03 07:03:07.694,0.69239,0.69255,1.00,1.00
2018.04.03 07:03:08.345,0.69238,0.69256,1.00,1.00
2018.04.03 07:03:08.396,0.6924,0.69256,1.00,1.00
2018.04.03 07:03:09.572,0.6924,0.69259,1.00,1.50
2018.04.03 07:03:09.623,0.69242,0.69259,1.00,1.00
2018.04.03 07:03:10.164,0.69242,0.6926,1.00,1.00
2018.04.03 07:03:10.755,0.69241,0.6926,1.12,1.00
2018.04.03 07:03:11.069,0.6924,0.69258,1.00,1.00
2018.04.03 07:03:12.699,0.69241,0.69259,1.00,1.57
2018.04.03 07:03:13.434,0.69241,0.69258,1.00,1.00
2018.04.03 07:03:16.803,0.69241,0.69257,1.00,1.00
2018.04.03 07:03:17.414,0.6924,0.69257,1.00,1.00
2018.04.03 07:03:17.858,0.69238,0.69257,1.00,1.57
2018.04.03 07:03:21.624,0.69238,0.69255,1.00,1.00
2018.04.03 07:03:23.639,0.69237,0.69255,1.12,1.00
2018.04.03 07:03:23.948,0.69232,0.6925,1.50,1.00
2018.04.03 07:03:24.494,0.69233,0.69249,1.37,1.50
2018.04.03 07:03:24.897,0.69233,0.69249,1.00,1.00
2018.04.03 07:03:26.523,0.69231,0.6925,1.00,1.00
2018.04.03 07:03:27.039,0.69231,0.69249,1.00,1.00
2018.04.03 07:03:27.603,0.6923,0.69249,1.00,1.12
2018.04.03 07:03:29.600,0.69236,0.69252,1.00,1.37
2018.04.03 07:03:30.116,0.69236,0.69252,1.00,1.50
2018.04.03 07:03:30.168,0.69234,0.69252,1.00,1.50
2018.04.03 07:03:30.696,0.69235,0.69251,1.00,1.00
2018.04.03 07:03:31.276,0.69233,0.69251,1.37,1.00
2018.04.03 07:03:33.344,0.69234,0.69252,1.37,1.87
2018.04.03 07:03:33.718,0.69236,0.69255,1.12,2.62
2018.04.03 07:03:33.879,0.69236,0.69253,1.12,1.00
2018.04.03 07:03:34.605,0.69237,0.69255,1.00,1.87
2018.04.03 07:03:35.099,0.6924,0.69258,1.00,1.07
2018.04.03 07:03:35.614,0.6924,0.69257,1.00,1.00
2018.04.03 07:03:36.501,0.69242,0.69259,1.00,1.00
2018.04.03 07:03:37.222,0.69242,0.6926,1.00,1.50
2018.04.03 07:03:40.125,0.69242,0.69259,1.00,1.00
2018.04.03 07:03:41.039,0.69243,0.6926,1.00,1.50
2018.04.03 07:03:41.586,0.69242,0.6926,1.00,1.50
2018.04.03 07:03:42.132,0.69243,0.69261,1.00,2.25
2018.04.03 07:03:47.619,0.69242,0.6926,1.00,1.00
2018.04.03 07:03:48.160,0.69241,0.69259,1.00,1.00
2018.04.03 07:03:48.717,0.69242,0.6926,1.00,1.50
2018.04.03 07:03:50.056,0.69242,0.69258,1.00,1.00
2018.04.03 07:03:50.157,0.69243,0.69261,1.00,2.10
2018.04.03 07:03:50.797,0.69244,0.69262,1.00,3.22
2018.04.03 07:03:52.653,0.69244,0.69262,1.12,1.50
2018.04.03 07:03:52.754,0.69246,0.69262,1.00,1.00
2018.04.03 07:03:52.805,0.69246,0.69264,1.00,1.87
2018.04.03 07:03:53.771,0.69245,0.69263,1.00,1.00
2018.04.03 07:03:53.939,0.69243,0.6926,1.12,1.00
2018.04.03 07:03:56.239,0.69246,0.69262,1.00,1.00
2018.04.03 07:03:56.772,0.69247,0.69263,1.00,1.50
2018.04.03 07:03:57.735,0.69243,0.69261,1.12,1.50
2018.04.03 07:03:59.886,0.69242,0.6926,1.00,1.00
2018.04.03 07:03:59.989,0.69244,0.69262,1.37,1.00
2018.04.03 07:04:00.539,0.69245,0.69263,1.12,2.25
2018.04.03 07:04:01.181,0.69246,0.69263,1.00,2.25
2018.04.03 07:04:01.620,0.69244,0.69262,1.12,1.50
2018.04.03 07:04:01.772,0.69243,0.69259,1.00,1.50
2018.04.03 07:04:01.823,0.69241,0.69259,1.00,1.50
2018.04.03 07:04:02.357,0.6924,0.69257,1.37,1.00
2018.04.03 07:04:03.069,0.69241,0.69257,1.12,1.00
2018.04.03 07:04:03.331,0.69241,0.69259,1.12,1.50
2018.04.03 07:04:03.841,0.69242,0.69259,1.00,1.00
2018.04.03 07:04:04.939,0.69242,0.69258,1.00,1.00
2018.04.03 07:04:05.097,0.6924,0.69258,1.12,1.00
2018.04.03 07:04:05.199,0.69242,0.69258,1.00,1.00
2018.04.03 07:04:05.549,0.6924,0.69258,1.00,1.00
2018.04.03 07:04:06.381,0.69244,0.6926,1.00,1.87
2018.04.03 07:04:07.613,0.69243,0.69259,1.00,1.00
2018.04.03 07:04:07.714,0.69243,0.69261,1.00,1.50
2018.04.03 07:04:07.890,0.69241,0.6926,1.12,2.10
2018.04.03 07:04:08.110,0.69241,0.69258,1.12,1.00
2018.04.03 07:04:08.262,0.69239,0.69258,1.12,1.50
2018.04.03 07:04:08.573,0.69239,0.69256,1.12,1.00
2018.04.03 07:04:08.749,0.69237,0.69256,1.87,1.50
2018.04.03 07:04:09.298,0.69238,0.69255,1.00,1.00
2018.04.03 07:04:09.557,0.69239,0.69257,1.12,2.32
2018.04.03 07:04:13.209,0.69242,0.69256,1.00,1.00
2018.04.03 07:04:13.362,0.6924,0.69256,1.00,1.50
2018.04.03 07:04:13.566,0.69238,0.69255,1.00,1.00
2018.04.03 07:04:14.069,0.69237,0.69254,1.00,1.00
2018.04.03 07:04:15.260,0.69236,0.69254,1.12,1.00
2018.04.03 07:04:15.989,0.69237,0.69253,1.00,1.00
2018.04.03 07:04:16.551,0.69236,0.69253,1.00,1.00
2018.04.03 07:04:16.787,0.69238,0.69254,1.00,1.50
2018.04.03 07:04:17.914,0.69237,0.69254,1.00,1.50
2018.04.03 07:04:18.406,0.69235,0.69252,1.00,1.87
2018.04.03 07:04:18.938,0.69235,0.69253,1.50,1.00
2018.04.03 07:04:19.397,0.69237,0.69253,1.00,1.00
2018.04.03 07:04:19.644,0.69235,0.69252,1.50,1.00
2018.04.03 07:04:20.106,0.69233,0.69251,1.50,1.00
2018.04.03 07:04:20.434,0.69235,0.69251,1.00,1.50
2018.04.03 07:04:23.617,0.69237,0.69254,1.00,1.20
2018.04.03 07:04:24.196,0.69236,0.69254,1.50,1.87
2018.04.03 07:04:26.181,0.69235,0.69253,1.00,1.87
2018.04.03 07:04:26.765,0.69234,0.69252,1.50,1.50
2018.04.03 07:04:27.101,0.69231,0.69249,1.57,1.00
2018.04.03 07:04:27.512,0.6923,0.69248,1.00,3.37
2018.04.03 07:04:29.311,0.6923,0.69248,1.00,1.87
2018.04.03 07:04:29.362,0.69232,0.69248,1.00,1.37
2018.04.03 07:04:30.665,0.6923,0.69249,1.50,2.62
2018.04.03 07:04:31.451,0.6923,0.69249,1.50,2.62
2018.04.03 07:04:31.626,0.6923,0.69246,1.00,1.50
2018.04.03 07:04:31.936,0.69227,0.69243,1.00,1.00
2018.04.03 07:04:35.343,0.69226,0.69242,1.87,1.00
2018.04.03 07:04:37.326,0.69225,0.69242,1.12,1.00
2018.04.03 07:04:37.942,0.69224,0.69242,1.87,1.00
2018.04.03 07:04:38.973,0.69224,0.69241,1.12,1.00
2018.04.03 07:04:40.159,0.69225,0.69241,1.00,1.00
2018.04.03 07:04:40.210,0.69225,0.69243,1.37,1.00
2018.04.03 07:04:40.906,0.69226,0.69242,1.87,1.00
2018.04.03 07:04:42.421,0.69226,0.69244,1.45,1.12
2018.04.03 07:04:42.748,0.69229,0.69245,1.87,1.00
2018.04.03 07:04:43.091,0.69232,0.69248,1.00,1.00
2018.04.03 07:04:45.476,0.69231,0.69248,1.10,1.00
2018.04.03 07:04:45.934,0.69233,0.69248,1.00,1.00
2018.04.03 07:04:46.449,0.69231,0.69248,1.00,1.00
2018.04.03 07:04:46.968,0.69231,0.69247,1.00,1.50
2018.04.03 07:04:47.223,0.69227,0.69244,1.10,1.00
2018.04.03 07:04:47.275,0.69229,0.69245,1.00,1.00
2018.04.03 07:04:50.141,0.69228,0.69245,1.00,1.50
2018.04.03 07:04:50.689,0.69228,0.69244,1.00,1.00
2018.04.03 07:04:51.263,0.69227,0.69244,1.50,1.50
2018.04.03 07:04:53.204,0.69229,0.69245,1.00,1.00
2018.04.03 07:04:53.255,0.69229,0.69247,1.07,1.12
2018.04.03 07:04:53.719,0.69229,0.69245,1.00,1.00
2018.04.03 07:04:54.284,0.69228,0.69246,1.50,1.50
2018.04.03 07:04:54.634,0.69227,0.69244,1.00,1.00
2018.04.03 07:04:55.293,0.69227,0.69243,1.00,1.00
2018.04.03 07:04:56.929,0.69227,0.69244,1.00,1.00
2018.04.03 07:04:57.602,0.69227,0.69245,1.00,1.87
2018.04.03 07:04:57.950,0.69225,0.69243,1.00,1.00
2018.04.03 07:04:58.765,0.69224,0.69243,1.50,1.00
2018.04.03 07:04:59.132,0.69225,0.69241,1.00,1.00
2018.04.03 07:04:59.234,0.69226,0.69244,1.10,1.00
2018.04.03 07:04:59.388,0.69228,0.69246,1.00,1.50
2018.04.03 07:04:59.989,0.69227,0.69246,1.57,1.50
2018.04.03 07:05:00.295,0.69224,0.69244,1.45,1.00
2018.04.03 07:05:00.611,0.69225,0.69243,1.00,1.87
2018.04.03 07:05:02.319,0.69223,0.69239,1.95,1.00
2018.04.03 07:05:02.421,0.69224,0.69241,1.87,1.00
2018.04.03 07:05:02.475,0.69226,0.69242,1.00,1.12
2018.04.03 07:05:02.577,0.69224,0.69242,1.87,1.12
2018.04.03 07:05:04.675,0.69226,0.69244,1.50,1.00
2018.04.03 07:05:05.218,0.69226,0.69245,1.57,1.12
2018.04.03 07:05:06.360,0.69226,0.69244,1.50,1.00
2018.04.03 07:05:09.212,0.69225,0.69242,1.00,1.00
2018.04.03 07:05:09.733,0.69224,0.6924,1.87,1.00
2018.04.03 07:05:09.783,0.69225,0.69243,1.00,1.50
2018.04.03 07:05:09.868,0.69226,0.69243,1.37,1.00
2018.04.03 07:05:10.540,0.69225,0.69244,1.57,1.12
2018.04.03 07:05:11.067,0.69225,0.69243,1.95,1.00
2018.04.03 07:05:11.322,0.69225,0.69241,1.00,1.00
2018.04.03 07:05:11.423,0.69224,0.69243,1.87,1.00
2018.04.03 07:05:11.952,0.69224,0.69242,1.10,1.00
2018.04.03 07:05:12.524,0.69225,0.69242,1.00,1.00
2018.04.03 07:05:12.626,0.69228,0.69247,1.50,3.00
2018.04.03 07:05:12.677,0.6923,0.69247,1.12,1.87
2018.04.03 07:05:13.142,0.69226,0.69242,1.87,1.00
2018.04.03 07:05:13.939,0.69225,0.69242,1.50,1.00
2018.04.03 07:05:15.392,0.69224,0.69242,1.50,1.00
2018.04.03 07:05:16.051,0.69224,0.69242,1.50,1.37
2018.04.03 07:05:16.580,0.69224,0.69242,1.50,1.12
2018.04.03 07:05:17.727,0.69226,0.69243,1.00,1.37
2018.04.03 07:05:18.232,0.69225,0.69243,1.00,1.37
2018.04.03 07:05:20.632,0.69229,0.69245,1.00,1.45
2018.04.03 07:05:20.784,0.6923,0.69247,1.00,1.00
2018.04.03 07:05:21.226,0.69233,0.6925,1.00,1.57
2018.04.03 07:05:21.776,0.69233,0.69251,1.50,2.25
2018.04.03 07:05:22.101,0.69231,0.69248,1.50,1.00
2018.04.03 07:05:22.706,0.69232,0.69249,1.00,1.87
2018.04.03 07:05:23.283,0.6923,0.69248,1.12,1.37
2018.04.03 07:05:25.452,0.6923,0.69248,1.12,1.12
2018.04.03 07:05:26.007,0.69229,0.69247,1.50,1.00
2018.04.03 07:05:26.711,0.6923,0.69248,1.00,1.12
2018.04.03 07:05:27.526,0.6923,0.69248,1.00,1.37
2018.04.03 07:05:27.860,0.6923,0.69246,1.00,1.37
2018.04.03 07:05:29.834,0.69231,0.69246,1.00,1.37
2018.04.03 07:05:29.979,0.69229,0.69246,1.50,1.37
2018.04.03 07:05:30.595,0.69229,0.69246,1.50,1.37
2018.04.03 07:05:33.577,0.69231,0.69247,1.00,1.37
2018.04.03 07:05:33.659,0.69231,0.69247,1.00,1.00
2018.04.03 07:05:34.701,0.69231,0.69249,1.50,1.00
2018.04.03 07:05:35.395,0.69232,0.69249,1.00,1.00
2018.04.03 07:05:36.603,0.69233,0.69249,1.00,1.00
2018.04.03 07:05:41.116,0.69232,0.69249,1.00,1.00
2018.04.03 07:05:41.636,0.69233,0.6925,1.00,1.00
2018.04.03 07:05:43.299,0.69232,0.6925,1.50,1.00
2018.04.03 07:05:45.131,0.69233,0.6925,1.00,1.00
2018.04.03 07:05:45.632,0.69232,0.6925,1.50,1.00
2018.04.03 07:05:47.436,0.69232,0.69248,1.50,1.00
2018.04.03 07:05:49.355,0.69231,0.69248,1.57,1.00
2018.04.03 07:05:50.121,0.69232,0.69249,1.00,1.00
2018.04.03 07:05:50.815,0.69233,0.69249,1.50,1.00
2018.04.03 07:05:51.239,0.69235,0.6925,1.00,1.00
2018.04.03 07:05:53.600,0.69235,0.69251,1.00,1.00
2018.04.03 07:05:54.539,0.69236,0.69252,1.50,1.00
2018.04.03 07:05:54.643,0.69239,0.69256,1.87,1.00
2018.04.03 07:05:54.744,0.6924,0.69258,1.50,1.35
2018.04.03 07:05:55.245,0.69243,0.6926,1.00,1.12
2018.04.03 07:05:55.635,0.69242,0.69258,1.50,1.00
2018.04.03 07:05:56.905,0.69243,0.69259,1.00,1.00
2018.04.03 07:06:00.585,0.69241,0.69259,1.50,1.12
2018.04.03 07:06:01.107,0.69241,0.69258,1.00,1.00
2018.04.03 07:06:02.144,0.69242,0.69259,1.00,1.00
2018.04.03 07:06:02.553,0.69244,0.69261,1.00,1.12
2018.04.03 07:06:03.330,0.69243,0.69261,1.50,1.12
2018.04.03 07:06:03.680,0.69245,0.6926,1.00,1.00
2018.04.03 07:06:03.782,0.69246,0.69262,1.00,1.00
2018.04.03 07:06:03.936,0.69244,0.69261,1.00,1.00
2018.04.03 07:06:04.241,0.69245,0.69263,1.00,1.12
2018.04.03 07:06:04.293,0.69247,0.69263,1.00,1.00
2018.04.03 07:06:04.814,0.69245,0.69262,1.00,1.00
2018.04.03 07:06:05.469,0.69244,0.69262,1.50,1.00
2018.04.03 07:06:06.606,0.69246,0.69262,1.00,1.00
2018.04.03 07:06:07.217,0.69247,0.69264,1.00,1.12
2018.04.03 07:06:07.268,0.69247,0.69262,1.00,1.00
2018.04.03 07:06:07.508,0.69247,0.69265,1.50,1.00
2018.04.03 07:06:08.097,0.69248,0.69265,1.00,1.00
2018.04.03 07:06:08.353,0.69249,0.69267,1.50,1.12
2018.04.03 07:06:09.157,0.6925,0.69267,1.00,1.00
2018.04.03 07:06:09.463,0.69247,0.69265,1.57,1.00
2018.04.03 07:06:10.016,0.69247,0.69265,1.50,1.37
2018.04.03 07:06:10.643,0.69248,0.69264,1.00,1.00
2018.04.03 07:06:11.895,0.69247,0.69262,1.00,1.00
2018.04.03 07:06:12.791,0.69246,0.69263,1.12,1.12
2018.04.03 07:06:18.101,0.69246,0.69262,1.00,1.00
2018.04.03 07:06:21.215,0.69247,0.69264,1.00,1.00
2018.04.03 07:06:21.824,0.69248,0.69265,1.00,1.00
2018.04.03 07:06:25.175,0.69248,0.69266,1.00,1.50
2018.04.03 07:06:25.380,0.69249,0.69268,1.00,1.12
2018.04.03 07:06:26.208,0.69249,0.69267,1.00,1.10
2018.04.03 07:06:26.259,0.69249,0.69265,1.00,1.00
2018.04.03 07:06:26.361,0.69247,0.69264,1.00,1.00
2018.04.03 07:06:26.544,0.69245,0.69263,1.50,1.00
2018.04.03 07:06:26.595,0.69244,0.6926,1.00,1.00
2018.04.03 07:06:26.646,0.69241,0.69261,1.87,1.57
2018.04.03 07:06:26.697,0.69242,0.69258,1.00,1.00
2018.04.03 07:06:26.748,0.69239,0.69258,1.12,1.00
2018.04.03 07:06:26.799,0.69241,0.69257,1.00,1.00
2018.04.03 07:06:26.900,0.69238,0.69255,1.50,1.00
2018.04.03 07:06:27.128,0.69239,0.69257,1.00,1.20
2018.04.03 07:06:27.180,0.69243,0.69261,1.00,1.12
2018.04.03 07:06:27.689,0.69244,0.69262,1.00,1.00
2018.04.03 07:06:28.108,0.69246,0.69262,1.00,1.00
2018.04.03 07:06:30.460,0.69247,0.69265,1.00,1.10
2018.04.03 07:06:31.541,0.69246,0.69264,1.00,1.00
2018.04.03 07:06:32.064,0.69246,0.69265,1.00,1.00
2018.04.03 07:06:32.114,0.69247,0.69263,1.00,1.00
2018.04.03 07:06:32.622,0.69247,0.69264,1.00,1.00
2018.04.03 07:06:33.286,0.69248,0.69264,1.00,1.12
2018.04.03 07:06:34.626,0.69246,0.69264,1.00,1.12
2018.04.03 07:06:34.678,0.69246,0.69262,1.00,1.00
2018.04.03 07:06:34.729,0.69246,0.69264,1.00,1.12
2018.04.03 07:06:36.811,0.69248,0.69264,1.00,1.00
2018.04.03 07:06:43.708,0.69248,0.69266,1.00,1.00
2018.04.03 07:06:44.475,0.69249,0.69267,1.00,1.50
2018.04.03 07:06:45.918,0.6925,0.69267,1.00,1.10
2018.04.03 07:06:47.337,0.6925,0.69268,1.00,1.10
2018.04.03 07:06:47.940,0.69249,0.69267,1.00,1.00
2018.04.03 07:06:48.533,0.6925,0.69268,1.00,1.10
2018.04.03 07:06:49.640,0.6925,0.69268,1.00,1.20
2018.04.03 07:06:50.211,0.6925,0.69266,1.00,1.00
2018.04.03 07:06:50.972,0.6925,0.69268,1.00,1.95
2018.04.03 07:06:51.523,0.6925,0.69266,1.00,1.00
2018.04.03 07:06:52.191,0.69249,0.69267,1.00,1.10
2018.04.03 07:06:52.724,0.69249,0.69267,1.00,1.57
2018.04.03 07:06:53.433,0.69248,0.69266,1.00,1.10
2018.04.03 07:06:54.750,0.69248,0.69266,1.00,1.07
2018.04.03 07:06:54.921,0.6925,0.69266,1.00,1.07
2018.04.03 07:06:55.520,0.6925,0.69266,1.00,1.10
2018.04.03 07:06:57.425,0.69248,0.69267,1.50,1.20
2018.04.03 07:06:57.781,0.6925,0.69266,1.00,1.10
2018.04.03 07:06:58.090,0.69252,0.69268,1.00,1.95
2018.04.03 07:06:58.610,0.6925,0.69268,1.00,1.10
2018.04.03 07:06:59.238,0.6925,0.69268,1.37,1.00
2018.04.03 07:06:59.792,0.6925,0.69268,1.00,1.57
2018.04.03 07:07:00.369,0.69248,0.69266,1.00,1.00
2018.04.03 07:07:00.572,0.6925,0.69266,1.00,1.00
2018.04.03 07:07:00.726,0.69247,0.69265,1.00,1.00
2018.04.03 07:07:00.777,0.69247,0.69263,1.00,1.00
2018.04.03 07:07:02.002,0.69245,0.69263,1.00,1.10
2018.04.03 07:07:02.564,0.69246,0.69264,1.50,1.10
2018.04.03 07:07:02.940,0.69246,0.69262,1.00,1.00
2018.04.03 07:07:05.806,0.69248,0.69264,1.00,1.00
2018.04.03 07:07:08.153,0.69247,0.69263,1.00,1.00
2018.04.03 07:07:08.360,0.69245,0.69264,1.00,1.10
2018.04.03 07:07:09.777,0.69245,0.69264,1.00,1.95
2018.04.03 07:07:10.740,0.69245,0.69264,1.00,1.57
2018.04.03 07:07:10.994,0.69247,0.69263,1.00,1.00
2018.04.03 07:07:11.258,0.69245,0.69263,1.00,1.20
2018.04.03 07:07:11.359,0.69243,0.69261,1.00,1.47
2018.04.03 07:07:11.910,0.69242,0.6926,1.12,1.12
2018.04.03 07:07:13.156,0.69242,0.6926,1.12,1.57
2018.04.03 07:07:13.651,0.69243,0.69261,1.00,1.10
2018.04.03 07:07:13.917,0.69242,0.6926,1.00,1.20
2018.04.03 07:07:14.506,0.69242,0.6926,1.00,1.10
2018.04.03 07:07:14.837,0.69244,0.69262,1.00,1.20
2018.04.03 07:07:15.679,0.69244,0.69262,1.00,1.10
2018.04.03 07:07:15.984,0.69247,0.69263,1.00,1.00
2018.04.03 07:07:16.536,0.69247,0.69265,1.00,1.47
2018.04.03 07:07:17.981,0.69248,0.69266,1.00,2.70
2018.04.03 07:07:27.787,0.69247,0.69265,1.00,1.57
2018.04.03 07:07:27.902,0.69245,0.69264,1.00,1.00
2018.04.03 07:07:28.419,0.69244,0.69263,1.50,1.57
2018.04.03 07:07:28.662,0.69244,0.6926,1.00,1.00
2018.04.03 07:07:31.731,0.69242,0.6926,1.00,1.00
2018.04.03 07:07:31.833,0.69242,0.69258,1.00,1.00
2018.04.03 07:07:33.338,0.69242,0.6926,1.00,1.00
2018.04.03 07:07:34.040,0.69243,0.69261,1.00,1.10
2018.04.03 07:07:34.192,0.69241,0.69259,1.87,1.10
2018.04.03 07:07:34.498,0.69241,0.69257,1.00,1.12
2018.04.03 07:07:34.843,0.69239,0.69257,1.00,1.57
2018.04.03 07:07:35.020,0.69238,0.69254,1.00,1.12
2018.04.03 07:07:35.576,0.69236,0.69254,1.00,1.87
2018.04.03 07:07:40.142,0.69236,0.69252,1.00,1.00
2018.04.03 07:07:40.194,0.69234,0.69252,1.12,1.00
2018.04.03 07:07:40.715,0.69235,0.69251,1.00,1.00
2018.04.03 07:07:40.967,0.69236,0.69254,1.00,1.95
2018.04.03 07:07:41.495,0.69236,0.69252,1.00,1.00
2018.04.03 07:07:43.192,0.69237,0.69255,1.00,2.70
2018.04.03 07:07:43.506,0.69235,0.69253,1.00,1.12
2018.04.03 07:07:44.017,0.69236,0.69254,1.00,2.32
2018.04.03 07:07:46.153,0.69233,0.69251,1.00,1.00
2018.04.03 07:07:46.306,0.69233,0.69249,1.00,1.00
2018.04.03 07:07:46.589,0.69231,0.69249,1.00,1.00
2018.04.03 07:07:46.836,0.69233,0.69249,1.00,1.00
2018.04.03 07:07:47.048,0.69231,0.69249,1.00,1.10
2018.04.03 07:07:47.202,0.69229,0.69247,1.50,1.10
2018.04.03 07:07:47.716,0.69231,0.69247,1.00,1.20
2018.04.03 07:07:47.978,0.69229,0.69247,1.00,1.10
2018.04.03 07:07:48.426,0.69235,0.69252,1.00,1.87
2018.04.03 07:07:48.478,0.69235,0.69253,1.00,1.10
2018.04.03 07:07:49.278,0.69234,0.69252,1.00,1.00
2018.04.03 07:07:49.642,0.69237,0.69253,1.00,1.57
2018.04.03 07:07:50.241,0.69236,0.69252,1.00,1.00
2018.04.03 07:07:50.394,0.69234,0.69253,1.12,1.10
2018.04.03 07:07:50.445,0.69234,0.69253,1.12,1.45
2018.04.03 07:07:50.707,0.69236,0.69254,1.00,1.57
2018.04.03 07:07:51.238,0.69235,0.69253,1.00,1.00
2018.04.03 07:07:52.190,0.69236,0.69254,1.00,1.95
2018.04.03 07:07:52.445,0.69237,0.69255,1.00,1.95
2018.04.03 07:07:53.011,0.69237,0.69255,1.00,2.32
2018.04.03 07:07:53.998,0.69237,0.69255,1.00,1.12
2018.04.03 07:07:57.124,0.69236,0.69254,1.00,1.00
2018.04.03 07:07:57.433,0.69238,0.69254,1.00,1.00
2018.04.03 07:07:57.485,0.69238,0.69256,1.00,1.95
2018.04.03 07:07:57.536,0.69241,0.69257,1.00,1.57
2018.04.03 07:07:57.639,0.69241,0.69259,1.00,2.55
2018.04.03 07:07:57.849,0.69239,0.69257,1.00,1.00
2018.04.03 07:07:58.520,0.69239,0.69258,1.00,1.95
2018.04.03 07:07:58.952,0.69239,0.69257,1.00,1.20
2018.04.03 07:07:59.491,0.69238,0.69256,1.00,1.10
2018.04.03 07:08:00.249,0.69237,0.69255,1.00,1.10
2018.04.03 07:08:00.777,0.69238,0.69256,1.00,1.00
2018.04.03 07:08:01.098,0.69241,0.69259,1.00,1.20
2018.04.03 07:08:01.273,0.69242,0.6926,1.00,2.32
2018.04.03 07:08:02.121,0.69243,0.6926,1.00,1.00
2018.04.03 07:08:02.172,0.69245,0.69261,1.00,1.00
2018.04.03 07:08:02.746,0.69245,0.69264,1.12,1.20
2018.04.03 07:08:03.221,0.69247,0.69265,1.00,2.32
2018.04.03 07:08:03.628,0.69245,0.69261,1.12,1.00
2018.04.03 07:08:04.369,0.69243,0.69261,1.37,1.10
2018.04.03 07:08:05.081,0.69243,0.69261,1.12,1.10
2018.04.03 07:08:05.740,0.69244,0.69262,1.00,1.20
2018.04.03 07:08:06.265,0.69244,0.69262,1.00,1.00
2018.04.03 07:08:07.009,0.69243,0.69261,1.12,1.12
2018.04.03 07:08:07.337,0.69243,0.69259,1.00,1.00
2018.04.03 07:08:07.847,0.69242,0.69259,1.00,1.37
2018.04.03 07:08:08.282,0.69243,0.69261,1.00,1.57
2018.04.03 07:08:08.416,0.69246,0.69262,1.00,1.10
2018.04.03 07:08:09.268,0.69244,0.69262,1.50,1.10
2018.04.03 07:08:09.371,0.69247,0.69263,1.00,1.47
2018.04.03 07:08:09.507,0.69247,0.69264,1.00,1.00
2018.04.03 07:08:10.049,0.69247,0.69263,1.50,1.00
2018.04.03 07:08:12.275,0.69248,0.69264,1.00,1.00
2018.04.03 07:08:13.387,0.69248,0.69264,1.00,1.95
2018.04.03 07:08:13.851,0.69246,0.69264,1.50,1.57
2018.04.03 07:08:14.531,0.69245,0.69263,1.00,1.10
2018.04.03 07:08:14.686,0.69247,0.69265,1.00,2.32
2018.04.03 07:08:16.772,0.69246,0.69264,1.50,1.50
2018.04.03 07:08:17.716,0.69247,0.69263,1.00,1.12
2018.04.03 07:08:18.362,0.69246,0.69264,1.50,1.12
2018.04.03 07:08:19.085,0.69246,0.69264,1.50,1.07
2018.04.03 07:08:19.673,0.69246,0.69265,1.50,1.95
2018.04.03 07:08:24.821,0.69247,0.69263,1.00,1.00
2018.04.03 07:08:24.923,0.69245,0.69262,1.00,1.00
2018.04.03 07:08:25.513,0.69246,0.69262,1.00,1.00
2018.04.03 07:08:25.984,0.69246,0.69264,1.50,1.20
2018.04.03 07:08:26.627,0.69246,0.69263,1.00,1.00
2018.04.03 07:08:27.352,0.69246,0.69264,1.50,1.20
2018.04.03 07:08:28.679,0.69247,0.69265,1.50,1.57
2018.04.03 07:08:29.155,0.69245,0.69263,1.87,1.00
2018.04.03 07:08:29.666,0.69244,0.69262,1.87,1.00
2018.04.03 07:08:30.288,0.69244,0.69261,1.37,1.00
2018.04.03 07:08:31.057,0.69244,0.69261,1.00,1.00
2018.04.03 07:08:31.585,0.69244,0.69262,1.50,1.12
2018.04.03 07:08:32.436,0.69245,0.69262,1.00,1.20
2018.04.03 07:08:33.021,0.69244,0.69262,1.50,1.20
2018.04.03 07:08:33.567,0.69244,0.69261,1.00,1.00
2018.04.03 07:08:33.858,0.69246,0.69262,1.00,1.20
2018.04.03 07:08:33.910,0.69244,0.69263,1.50,1.57
2018.04.03 07:08:36.760,0.69245,0.69263,1.00,1.20
2018.04.03 07:08:37.064,0.69247,0.69265,1.00,1.95
2018.04.03 07:08:37.403,0.69246,0.69262,1.50,1.00
2018.04.03 07:08:38.021,0.69246,0.69263,1.00,1.10
2018.04.03 07:08:38.558,0.69246,0.69262,1.50,1.00
2018.04.03 07:08:39.024,0.69247,0.69265,1.50,1.20
2018.04.03 07:08:39.126,0.69245,0.69263,1.00,1.00
2018.04.03 07:08:39.177,0.69244,0.69261,1.00,1.00
2018.04.03 07:08:39.229,0.69242,0.6926,2.25,1.12
2018.04.03 07:08:39.754,0.69241,0.69259,1.50,1.12
2018.04.03 07:08:39.857,0.6924,0.69258,1.87,1.47
2018.04.03 07:08:40.064,0.69241,0.69259,1.50,1.95
2018.04.03 07:08:40.166,0.69241,0.69258,1.00,1.47
2018.04.03 07:08:41.433,0.69239,0.69257,1.50,1.37
2018.04.03 07:08:47.967,0.69239,0.69257,1.50,1.12
2018.04.03 07:08:50.584,0.69239,0.69257,1.50,1.20
2018.04.03 07:08:51.096,0.69239,0.69257,1.50,1.00
2018.04.03 07:08:53.461,0.69239,0.69257,1.87,1.20
2018.04.03 07:08:54.069,0.69239,0.69257,1.87,1.00
2018.04.03 07:08:54.731,0.69239,0.69257,1.87,1.07
2018.04.03 07:08:55.263,0.69239,0.69257,1.87,1.00
2018.04.03 07:08:57.801,0.69239,0.69257,1.50,1.20
2018.04.03 07:08:58.366,0.69239,0.69257,1.50,1.10
2018.04.03 07:08:59.505,0.69238,0.69256,1.50,1.20
2018.04.03 07:08:59.607,0.69238,0.69254,1.00,1.00
2018.04.03 07:08:59.814,0.69233,0.69251,1.50,1.10
2018.04.03 07:09:00.338,0.69233,0.69249,1.50,1.00
2018.04.03 07:09:00.977,0.69233,0.69251,1.50,1.12
2018.04.03 07:09:01.131,0.69235,0.69251,1.00,1.12
2018.04.03 07:09:01.516,0.69237,0.69253,1.00,1.12
2018.04.03 07:09:03.192,0.69235,0.69253,1.00,1.12
2018.04.03 07:09:07.408,0.69235,0.69253,1.00,1.57
2018.04.03 07:09:07.821,0.69234,0.69252,1.00,1.95
2018.04.03 07:09:08.371,0.69234,0.69252,1.00,1.47
2018.04.03 07:09:09.010,0.69233,0.69251,1.00,1.57
2018.04.03 07:09:09.390,0.69235,0.69251,1.00,1.57
2018.04.03 07:09:09.609,0.69233,0.69251,1.50,1.20
2018.04.03 07:09:10.146,0.69233,0.69251,1.50,1.95
2018.04.03 07:09:12.844,0.69232,0.6925,1.50,1.12
2018.04.03 07:09:15.642,0.69233,0.69251,1.00,2.62
2018.04.03 07:09:16.217,0.69233,0.69251,1.00,1.50
2018.04.03 07:09:18.586,0.69233,0.69251,1.00,1.37
2018.04.03 07:09:18.738,0.69231,0.69249,1.12,1.00
2018.04.03 07:09:19.238,0.69233,0.69249,1.00,1.12
2018.04.03 07:09:19.479,0.69234,0.69252,1.00,1.12
2018.04.03 07:09:19.638,0.69232,0.6925,1.00,1.00
2018.04.03 07:09:20.097,0.69235,0.69251,1.00,1.37
2018.04.03 07:09:20.529,0.69232,0.69251,1.50,1.37
2018.04.03 07:09:20.580,0.69235,0.69251,1.00,1.37
2018.04.03 07:09:20.630,0.69235,0.69251,1.00,1.12
2018.04.03 07:09:20.883,0.69236,0.69254,1.00,1.57
2018.04.03 07:09:21.733,0.69236,0.69252,1.00,1.00
2018.04.03 07:09:22.386,0.69235,0.69251,1.00,1.00
2018.04.03 07:09:22.919,0.69236,0.69252,1.00,1.00
2018.04.03 07:09:23.639,0.69234,0.69252,1.00,1.50
2018.04.03 07:09:25.115,0.69236,0.69252,1.00,1.50
2018.04.03 07:09:27.117,0.69234,0.69253,1.50,1.00
2018.04.03 07:09:27.672,0.69235,0.69253,1.00,1.00
2018.04.03 07:09:27.824,0.69235,0.69251,1.00,1.00
2018.04.03 07:09:28.494,0.69236,0.69252,1.00,1.00
2018.04.03 07:09:29.481,0.69234,0.69252,1.50,1.37
2018.04.03 07:09:30.085,0.69235,0.69253,1.00,2.62
2018.04.03 07:09:30.755,0.69236,0.69253,1.00,1.87
2018.04.03 07:09:31.036,0.69238,0.69256,1.00,2.70
2018.04.03 07:09:31.606,0.69238,0.69256,1.00,2.62
2018.04.03 07:09:33.688,0.69238,0.69257,1.00,1.95
2018.04.03 07:09:34.286,0.69239,0.69255,1.00,1.12
2018.04.03 07:09:35.303,0.69237,0.69253,1.00,1.00
2018.04.03 07:09:36.177,0.69237,0.69255,1.00,1.12
2018.04.03 07:09:36.746,0.69238,0.69256,1.00,1.95
2018.04.03 07:09:36.974,0.69237,0.69253,1.00,1.00
2018.04.03 07:09:41.854,0.69237,0.69253,1.00,1.47
2018.04.03 07:09:43.052,0.69238,0.69254,1.00,1.47
2018.04.03 07:09:43.442,0.69237,0.69255,1.00,1.10
2018.04.03 07:09:43.494,0.69235,0.69254,1.50,1.00
2018.04.03 07:09:43.859,0.69236,0.69254,1.00,1.45
2018.04.03 07:09:46.279,0.69237,0.69255,1.00,2.32
2018.04.03 07:09:46.481,0.69237,0.69255,1.00,1.20
2018.04.03 07:09:46.582,0.69237,0.69255,1.00,1.57
2018.04.03 07:09:47.313,0.69237,0.69255,1.00,1.57
2018.04.03 07:09:49.346,0.69238,0.69254,1.00,1.00
2018.04.03 07:09:49.857,0.69236,0.69255,1.50,3.45
2018.04.03 07:09:55.259,0.69236,0.69254,1.00,1.00
2018.04.03 07:09:57.176,0.69235,0.69253,1.50,1.00
2018.04.03 07:09:57.680,0.69233,0.69251,2.25,1.00
2018.04.03 07:09:58.047,0.69232,0.6925,1.00,1.95
2018.04.03 07:09:58.576,0.69232,0.69248,1.00,1.00
2018.04.03 07:09:58.938,0.6923,0.69247,1.00,1.00
2018.04.03 07:10:00.332,0.6923,0.69248,1.00,1.10
2018.04.03 07:10:00.486,0.6923,0.69246,1.00,1.00
2018.04.03 07:10:01.140,0.69231,0.69247,1.00,1.12
2018.04.03 07:10:02.909,0.6923,0.69247,1.00,1.12
2018.04.03 07:10:03.012,0.69228,0.69246,1.00,1.12
2018.04.03 07:10:03.540,0.69227,0.69245,1.50,1.12
2018.04.03 07:10:05.563,0.69226,0.69242,1.00,1.00
2018.04.03 07:10:06.088,0.69225,0.69241,1.00,1.00
2018.04.03 07:10:07.012,0.69224,0.69242,1.00,1.20
2018.04.03 07:10:08.619,0.69226,0.69242,1.00,1.87
2018.04.03 07:10:08.671,0.69224,0.69242,1.50,1.50
2018.04.03 07:10:09.309,0.69224,0.69241,1.50,1.00
2018.04.03 07:10:09.966,0.69225,0.69241,1.00,1.00
2018.04.03 07:10:10.628,0.69226,0.69242,1.00,1.00
2018.04.03 07:10:12.634,0.69227,0.69242,1.00,1.00
2018.04.03 07:10:12.787,0.69228,0.69245,1.00,1.00
2018.04.03 07:10:13.465,0.69227,0.69245,1.00,1.50
2018.04.03 07:10:13.758,0.69229,0.69245,1.00,1.00
2018.04.03 07:10:16.192,0.69229,0.69246,1.00,1.20
2018.04.03 07:10:16.901,0.69229,0.69245,1.00,1.00
2018.04.03 07:10:19.567,0.69229,0.69246,1.00,1.20
2018.04.03 07:10:21.040,0.69229,0.69246,1.00,1.37
2018.04.03 07:10:22.388,0.69229,0.69246,1.00,1.12
2018.04.03 07:10:22.946,0.6923,0.69247,1.00,1.00
2018.04.03 07:10:23.515,0.6923,0.69246,1.00,1.00
2018.04.03 07:10:24.162,0.69229,0.69246,1.00,1.00
2018.04.03 07:10:24.929,0.6923,0.69246,1.00,1.00
2018.04.03 07:10:27.233,0.6923,0.69247,1.00,1.50
2018.04.03 07:10:27.957,0.69229,0.69246,1.00,1.12
2018.04.03 07:10:29.560,0.69229,0.69245,1.00,1.00
2018.04.03 07:10:30.412,0.69231,0.69245,1.00,1.00
2018.04.03 07:10:32.302,0.69231,0.69247,1.00,1.50
2018.04.03 07:10:32.843,0.6923,0.69247,1.00,1.00
2018.04.03 07:10:32.906,0.69234,0.69251,1.00,1.12
2018.04.03 07:10:33.239,0.69236,0.69252,1.00,1.00
2018.04.03 07:10:33.393,0.69236,0.69254,1.00,1.00
2018.04.03 07:10:33.984,0.69237,0.69255,1.00,2.70
2018.04.03 07:10:34.195,0.69237,0.69253,1.00,1.00
2018.04.03 07:10:35.088,0.69236,0.69254,1.00,1.00
2018.04.03 07:10:37.395,0.69236,0.69251,1.00,1.37
2018.04.03 07:10:37.911,0.69236,0.69251,1.00,1.00
2018.04.03 07:10:40.125,0.69236,0.69252,1.00,1.12
2018.04.03 07:10:45.589,0.69237,0.69253,1.00,1.95
2018.04.03 07:10:48.406,0.69235,0.69253,1.00,1.47
2018.04.03 07:10:54.210,0.69234,0.69252,1.50,1.47
2018.04.03 07:10:55.723,0.69236,0.69252,1.00,1.37
2018.04.03 07:10:56.575,0.69234,0.69252,1.50,2.32
2018.04.03 07:10:57.496,0.69235,0.69252,1.00,1.47
2018.04.03 07:10:59.384,0.69237,0.69253,1.00,1.47
2018.04.03 07:10:59.485,0.69237,0.69253,1.00,1.00
2018.04.03 07:11:00.013,0.69236,0.69254,1.12,1.57
2018.04.03 07:11:01.680,0.69236,0.69254,1.00,2.32
2018.04.03 07:11:02.254,0.69235,0.69253,1.00,1.57
2018.04.03 07:11:03.432,0.69236,0.69253,1.00,1.57
2018.04.03 07:11:03.948,0.69237,0.69254,1.00,1.95
2018.04.03 07:11:04.611,0.69237,0.69255,1.00,3.07
2018.04.03 07:11:04.713,0.69235,0.69253,1.50,1.00
2018.04.03 07:11:04.815,0.69235,0.69253,1.00,1.57
2018.04.03 07:11:05.069,0.69233,0.69251,1.50,1.00
2018.04.03 07:11:05.222,0.69235,0.69254,1.00,3.82
2018.04.03 07:11:05.529,0.69239,0.69258,1.00,2.32
2018.04.03 07:11:05.682,0.69242,0.69261,1.00,2.32
2018.04.03 07:11:05.924,0.69244,0.6926,1.00,1.00
2018.04.03 07:11:06.581,0.69242,0.69261,1.00,1.00
2018.04.03 07:11:06.972,0.69244,0.69262,1.00,1.50
2018.04.03 07:11:07.646,0.69243,0.69262,1.00,2.62
2018.04.03 07:11:09.096,0.69244,0.6926,1.00,1.00
2018.04.03 07:11:09.198,0.69242,0.69261,1.00,1.00
2018.04.03 07:11:09.608,0.69243,0.69259,1.00,1.00
2018.04.03 07:11:10.173,0.69241,0.69259,1.87,1.00
2018.04.03 07:11:11.245,0.69242,0.6926,1.00,1.12
2018.04.03 07:11:12.814,0.69243,0.6926,1.00,1.00
2018.04.03 07:11:15.258,0.69242,0.6926,1.00,1.10
2018.04.03 07:11:15.309,0.6924,0.69258,2.25,1.00
2018.04.03 07:11:15.564,0.69238,0.69257,1.50,1.00
2018.04.03 07:11:16.156,0.69238,0.69256,1.50,1.00
2018.04.03 07:11:18.203,0.69239,0.69256,1.00,1.20
2018.04.03 07:11:18.756,0.69238,0.69256,1.00,1.20
2018.04.03 07:11:19.277,0.69239,0.69256,1.00,1.20
2018.04.03 07:11:19.981,0.69239,0.69256,1.00,1.57
2018.04.03 07:11:20.598,0.69239,0.69257,1.00,1.20
2018.04.03 07:11:21.208,0.69239,0.69257,1.00,1.57
2018.04.03 07:11:23.921,0.69239,0.69257,1.00,1.20
2018.04.03 07:11:27.636,0.69239,0.69257,1.00,1.45
2018.04.03 07:11:28.143,0.69238,0.69256,1.00,1.10
2018.04.03 07:11:28.738,0.69239,0.69256,1.00,1.10
2018.04.03 07:11:29.088,0.69236,0.69254,1.00,1.57
2018.04.03 07:11:29.608,0.69236,0.69254,1.00,2.32
2018.04.03 07:11:29.830,0.69232,0.6925,1.50,1.00
2018.04.03 07:11:29.932,0.6923,0.69246,1.00,1.00
2018.04.03 07:11:33.517,0.69229,0.69247,1.00,1.57
2018.04.03 07:11:38.199,0.6923,0.69248,1.00,1.95
2018.04.03 07:11:45.927,0.69229,0.69247,1.12,1.00
2018.04.03 07:11:46.029,0.69231,0.69249,1.00,1.10
2018.04.03 07:11:46.545,0.69232,0.6925,1.00,1.00
2018.04.03 07:11:47.248,0.69233,0.69251,1.00,1.57
2018.04.03 07:11:48.816,0.69232,0.69251,1.00,1.10
2018.04.03 07:11:49.158,0.69234,0.6925,1.00,1.00
2018.04.03 07:11:49.265,0.6923,0.69249,1.50,1.12
2018.04.03 07:11:49.321,0.6923,0.69247,1.00,1.12
2018.04.03 07:11:49.511,0.69228,0.69246,2.25,1.00
2018.04.03 07:11:51.481,0.69228,0.69247,1.00,1.95
2018.04.03 07:11:52.678,0.69231,0.69249,1.00,4.20
2018.04.03 07:11:53.318,0.6923,0.69248,1.00,1.10
2018.04.03 07:11:53.812,0.69229,0.69246,1.00,1.00
2018.04.03 07:11:54.364,0.69229,0.69245,1.00,1.00
2018.04.03 07:11:55.933,0.69229,0.69246,1.00,1.10
2018.04.03 07:11:56.447,0.69228,0.69245,1.50,1.00
2018.04.03 07:11:57.174,0.69229,0.69246,1.00,1.00
2018.04.03 07:11:57.688,0.69228,0.69246,1.00,1.95
2018.04.03 07:11:58.214,0.69229,0.69246,1.00,1.57
2018.04.03 07:11:59.075,0.69228,0.69245,1.00,1.00
2018.04.03 07:12:00.103,0.69229,0.69245,1.00,1.00
2018.04.03 07:12:01.547,0.6923,0.69247,1.00,1.10
2018.04.03 07:12:02.118,0.6923,0.69246,1.00,1.00
2018.04.03 07:12:03.011,0.69229,0.69246,1.00,1.20
2018.04.03 07:12:05.088,0.69228,0.69246,1.00,1.20
2018.04.03 07:12:07.385,0.69226,0.6924,1.00,1.00
2018.04.03 07:12:07.486,0.69222,0.69238,1.00,1.10
2018.04.03 07:12:07.587,0.6922,0.69238,1.87,1.10
2018.04.03 07:12:07.789,0.6922,0.69238,1.50,2.70
2018.04.03 07:12:08.172,0.69218,0.69236,1.50,1.95
2018.04.03 07:12:08.273,0.69218,0.69234,1.50,1.00
2018.04.03 07:12:08.779,0.69218,0.69236,1.00,2.70
2018.04.03 07:12:09.335,0.69218,0.69236,1.00,1.57
2018.04.03 07:12:09.636,0.69218,0.69234,1.00,1.95
2018.04.03 07:12:10.410,0.69219,0.69236,1.00,1.07
2018.04.03 07:12:10.593,0.69216,0.69234,1.37,1.10
2018.04.03 07:12:10.795,0.69214,0.69232,1.37,1.00
2018.04.03 07:12:11.196,0.69215,0.6923,1.37,1.00
2018.04.03 07:12:11.974,0.6922,0.69234,1.00,1.00
2018.04.03 07:12:12.027,0.6922,0.69236,1.00,1.00
2018.04.03 07:12:12.512,0.69218,0.69236,1.00,1.20
2018.04.03 07:12:13.057,0.69218,0.69236,1.00,1.10
2018.04.03 07:12:13.674,0.69219,0.69237,1.00,1.95
2018.04.03 07:12:14.305,0.69219,0.69235,1.00,1.00
2018.04.03 07:12:15.429,0.69218,0.69235,1.00,1.00
2018.04.03 07:12:16.576,0.69218,0.69234,1.00,1.00
2018.04.03 07:12:17.082,0.69218,0.69236,1.00,1.10
2018.04.03 07:12:17.194,0.69218,0.69236,1.00,1.47
2018.04.03 07:12:20.035,0.69217,0.69235,1.00,2.70
2018.04.03 07:12:20.565,0.69219,0.69236,1.00,1.57
2018.04.03 07:12:20.989,0.6922,0.69236,1.00,1.12
2018.04.03 07:12:21.537,0.69219,0.69237,1.00,1.57
2018.04.03 07:12:21.866,0.69221,0.69238,1.00,1.57
2018.04.03 07:12:22.409,0.6922,0.69236,1.00,1.12
2018.04.03 07:12:24.540,0.69219,0.69237,1.00,1.57
2018.04.03 07:12:25.063,0.69218,0.69236,1.00,1.20
2018.04.03 07:12:26.543,0.69218,0.69235,1.00,1.00
2018.04.03 07:12:27.151,0.69218,0.69235,1.00,1.20
2018.04.03 07:12:31.544,0.69219,0.69234,1.00,1.10
2018.04.03 07:12:31.607,0.69217,0.69235,1.00,2.32
2018.04.03 07:12:33.657,0.69218,0.69235,1.00,2.32
2018.04.03 07:12:34.270,0.69217,0.69235,1.00,3.07
2018.04.03 07:12:34.925,0.69218,0.69235,1.00,2.32
2018.04.03 07:12:36.017,0.69219,0.69235,1.00,3.07
2018.04.03 07:12:36.536,0.69218,0.69234,1.00,1.20
2018.04.03 07:12:36.587,0.69216,0.69234,1.00,1.95
2018.04.03 07:12:39.405,0.69215,0.69233,1.00,1.47
2018.04.03 07:12:39.915,0.69216,0.69234,1.00,2.70
2018.04.03 07:12:46.570,0.69217,0.69234,1.00,2.32
2018.04.03 07:12:48.642,0.69215,0.69233,1.00,1.75
2018.04.03 07:12:49.254,0.69215,0.69233,1.00,1.37
2018.04.03 07:12:50.807,0.69217,0.69234,1.00,1.87
2018.04.03 07:12:51.661,0.69217,0.69233,1.00,1.37
2018.04.03 07:12:52.760,0.69218,0.69234,1.00,1.37
2018.04.03 07:12:52.812,0.69218,0.69235,1.00,1.95
2018.04.03 07:12:52.865,0.69221,0.69237,1.00,1.87
2018.04.03 07:12:52.917,0.69223,0.69239,1.00,1.57
2018.04.03 07:12:53.020,0.69225,0.69239,1.00,1.12
2018.04.03 07:12:53.786,0.69224,0.69241,1.00,1.47
2018.04.03 07:12:56.687,0.69224,0.69241,1.00,2.17
2018.04.03 07:12:56.739,0.69218,0.69234,1.50,1.35
2018.04.03 07:12:56.842,0.69215,0.69233,1.00,1.37
2018.04.03 07:12:56.894,0.69217,0.69234,1.57,1.37
2018.04.03 07:12:57.416,0.69221,0.69238,1.00,2.25
2018.04.03 07:12:59.481,0.69222,0.69238,1.00,1.50
2018.04.03 07:13:00.770,0.69218,0.69236,1.50,1.87
2018.04.03 07:13:00.904,0.69218,0.69235,1.00,1.37
2018.04.03 07:13:01.008,0.69215,0.69234,1.00,1.87
2018.04.03 07:13:01.110,0.69215,0.69233,1.00,3.07
2018.04.03 07:13:01.416,0.69213,0.6923,1.00,1.87
2018.04.03 07:13:02.345,0.69215,0.69231,1.00,2.62
2018.04.03 07:13:02.397,0.69215,0.69232,1.00,1.95
2018.04.03 07:13:03.898,0.69215,0.69232,1.00,1.37
2018.04.03 07:13:05.238,0.69216,0.69234,1.00,3.45
2018.04.03 07:13:05.577,0.69216,0.69234,1.00,3.45
2018.04.03 07:13:05.934,0.69223,0.69237,1.00,2.32
2018.04.03 07:13:06.037,0.69223,0.6924,1.00,1.20
2018.04.03 07:13:06.088,0.69223,0.69241,1.00,1.95
2018.04.03 07:13:06.714,0.69223,0.6924,1.00,1.00
2018.04.03 07:13:07.424,0.69224,0.69241,1.00,1.57
2018.04.03 07:13:10.808,0.69225,0.69242,1.00,1.95
2018.04.03 07:13:13.043,0.69225,0.69243,1.00,1.95
2018.04.03 07:13:15.474,0.69224,0.69242,1.00,1.00
2018.04.03 07:13:16.843,0.69225,0.69243,1.00,1.95
2018.04.03 07:13:19.642,0.69227,0.69243,1.00,1.00
2018.04.03 07:13:20.196,0.69227,0.69244,1.00,1.95
2018.04.03 07:13:20.953,0.69227,0.69245,1.00,1.57
2018.04.03 07:13:27.221,0.69227,0.69245,1.00,1.95
2018.04.03 07:13:27.769,0.69228,0.69246,1.00,1.95
2018.04.03 07:13:28.320,0.69228,0.69246,1.00,1.87
2018.04.03 07:13:28.833,0.69229,0.69245,1.00,1.00
2018.04.03 07:13:31.091,0.69229,0.69244,1.00,1.00
2018.04.03 07:13:31.618,0.69228,0.69244,1.00,1.00
2018.04.03 07:13:43.354,0.69226,0.69244,1.57,1.00
2018.04.03 07:13:44.308,0.69225,0.69243,1.00,1.00
2018.04.03 07:13:44.359,0.69227,0.69243,1.00,1.00
2018.04.03 07:13:47.964,0.69228,0.69243,1.00,1.00
2018.04.03 07:13:48.762,0.69227,0.69245,1.00,1.50
2018.04.03 07:13:50.337,0.69226,0.69244,1.00,1.00
2018.04.03 07:13:50.860,0.69227,0.69244,1.00,1.00
2018.04.03 07:13:51.494,0.69227,0.69243,1.00,1.00
2018.04.03 07:13:56.733,0.69226,0.69241,1.00,1.00
2018.04.03 07:13:56.786,0.69225,0.69243,1.00,1.00
2018.04.03 07:13:56.889,0.69224,0.6924,1.00,1.00
2018.04.03 07:13:57.223,0.69221,0.69237,1.00,1.00
2018.04.03 07:13:57.324,0.69219,0.69237,1.00,1.50
2018.04.03 07:13:57.376,0.69217,0.69235,1.57,1.00
2018.04.03 07:14:00.016,0.69217,0.69233,1.00,1.00
2018.04.03 07:14:00.067,0.69217,0.69235,1.00,1.12
2018.04.03 07:14:04.404,0.69218,0.69236,1.00,1.50
2018.04.03 07:14:06.882,0.69219,0.69237,1.00,2.25
2018.04.03 07:14:07.483,0.69218,0.69236,1.00,1.50
2018.04.03 07:14:08.989,0.6922,0.69236,1.00,1.37
2018.04.03 07:14:13.221,0.69222,0.69239,1.00,1.50
2018.04.03 07:14:13.323,0.69223,0.69241,1.00,1.37
2018.04.03 07:14:13.425,0.69224,0.69242,1.00,1.00
2018.04.03 07:14:14.380,0.69223,0.69239,1.00,1.00
2018.04.03 07:14:14.687,0.69223,0.69242,1.00,1.87
2018.04.03 07:14:15.717,0.69222,0.6924,1.00,1.00
2018.04.03 07:14:16.725,0.69224,0.69239,1.00,1.00
2018.04.03 07:14:17.559,0.69224,0.69242,1.00,3.00
2018.04.03 07:14:18.324,0.69225,0.69242,1.00,1.50
2018.04.03 07:14:18.783,0.69225,0.69242,1.00,1.50
2018.04.03 07:14:19.313,0.69224,0.6924,1.00,1.37
2018.04.03 07:14:19.911,0.69223,0.69241,1.50,1.37
2018.04.03 07:14:20.980,0.69224,0.69242,1.00,1.50
2018.04.03 07:14:21.396,0.69224,0.69242,1.00,1.50
2018.04.03 07:14:22.823,0.69224,0.6924,1.00,1.00
2018.04.03 07:14:23.178,0.69222,0.69238,1.00,1.00
2018.04.03 07:14:23.923,0.6922,0.69238,1.00,1.00
2018.04.03 07:14:23.974,0.6922,0.69236,1.00,1.00
2018.04.03 07:14:24.557,0.69218,0.69236,1.00,1.00
2018.04.03 07:14:24.814,0.69218,0.69234,1.00,1.00
2018.04.03 07:14:24.968,0.69216,0.69234,1.00,1.00
2018.04.03 07:14:25.121,0.69218,0.69233,1.00,1.00
2018.04.03 07:14:25.172,0.69216,0.69234,1.00,1.00
2018.04.03 07:14:25.540,0.69216,0.69232,1.00,1.00
2018.04.03 07:14:26.079,0.69215,0.69232,1.00,1.00
2018.04.03 07:14:26.359,0.69216,0.69234,1.00,1.12
2018.04.03 07:14:26.410,0.69218,0.69233,1.00,1.00
2018.04.03 07:14:26.964,0.69218,0.69234,1.00,1.12
2018.04.03 07:14:27.361,0.69216,0.69234,1.87,1.12
2018.04.03 07:14:28.331,0.69217,0.69235,1.00,1.47
2018.04.03 07:14:28.876,0.69216,0.69234,1.00,1.12
2018.04.03 07:14:29.081,0.69216,0.69232,1.00,1.00
2018.04.03 07:14:34.464,0.69214,0.69232,1.00,1.12
2018.04.03 07:14:35.340,0.69216,0.69234,1.00,1.37
2018.04.03 07:14:39.364,0.69216,0.69234,1.00,2.62
2018.04.03 07:14:39.966,0.69216,0.69232,1.00,1.12
2018.04.03 07:14:40.305,0.69218,0.69234,1.00,1.37
2018.04.03 07:14:40.545,0.69218,0.69234,1.00,1.00
2018.04.03 07:14:41.112,0.69219,0.69235,1.00,1.12
2018.04.03 07:14:42.690,0.69218,0.69236,1.00,1.37
2018.04.03 07:14:43.204,0.69219,0.69237,1.00,1.87
2018.04.03 07:14:43.934,0.69221,0.69238,1.00,1.12
2018.04.03 07:14:45.948,0.69221,0.69237,1.00,1.00
2018.04.03 07:14:46.755,0.69219,0.69237,1.00,1.37
2018.04.03 07:14:46.856,0.69218,0.69236,1.00,1.00
2018.04.03 07:14:46.971,0.6922,0.69236,1.00,1.00
2018.04.03 07:14:47.706,0.69219,0.69235,1.00,1.00
2018.04.03 07:14:47.885,0.69217,0.69236,1.00,1.00
2018.04.03 07:14:48.469,0.69217,0.69235,1.00,1.00
2018.04.03 07:14:48.529,0.69219,0.69235,1.00,1.00
2018.04.03 07:14:48.580,0.69219,0.69237,1.00,1.12
2018.04.03 07:14:49.773,0.69219,0.69235,1.00,1.00
2018.04.03 07:14:50.069,0.69216,0.69238,1.50,2.62
2018.04.03 07:14:50.377,0.69218,0.69238,1.00,1.87
2018.04.03 07:14:52.364,0.69218,0.69238,1.00,1.12
2018.04.03 07:14:56.989,0.69218,0.69238,1.00,1.87
2018.04.03 07:15:01.002,0.69215,0.69235,1.00,1.87
2018.04.03 07:15:01.460,0.69218,0.69235,1.00,1.12
2018.04.03 07:15:01.562,0.6922,0.69239,1.00,1.37
2018.04.03 07:15:01.959,0.6922,0.6924,1.00,1.87
2018.04.03 07:15:02.520,0.69221,0.69239,1.00,1.00
2018.04.03 07:15:03.912,0.6922,0.69238,1.50,1.00
2018.04.03 07:15:04.129,0.69218,0.69235,1.00,1.00
2018.04.03 07:15:04.526,0.69217,0.69233,1.50,1.00
2018.04.03 07:15:06.161,0.69216,0.69233,1.00,1.00
2018.04.03 07:15:06.441,0.69214,0.69232,2.25,1.00
2018.04.03 07:15:06.745,0.69216,0.69232,1.00,1.00
2018.04.03 07:15:14.552,0.69215,0.69231,1.50,1.00
2018.04.03 07:15:16.192,0.69215,0.69233,1.00,1.37
2018.04.03 07:15:16.723,0.69215,0.69233,1.00,1.00
2018.04.03 07:15:17.032,0.69218,0.69234,1.00,1.00
2018.04.03 07:15:17.083,0.69216,0.69234,1.00,1.00
2018.04.03 07:15:18.047,0.69217,0.69232,1.00,1.00
2018.04.03 07:15:18.163,0.69215,0.69233,1.00,1.00
2018.04.03 07:15:18.430,0.69215,0.69231,1.00,1.00
2018.04.03 07:15:18.481,0.69215,0.69233,1.00,1.00
2018.04.03 07:15:19.005,0.69214,0.69232,1.50,1.00
2018.04.03 07:15:19.559,0.69215,0.69232,1.00,1.00
2018.04.03 07:15:20.230,0.69216,0.69234,1.00,1.00
2018.04.03 07:15:20.983,0.69217,0.69235,1.00,1.87
2018.04.03 07:15:21.231,0.69217,0.69233,1.00,1.00
2018.04.03 07:15:21.763,0.69218,0.69234,1.00,1.00
2018.04.03 07:15:24.424,0.69216,0.69234,1.00,1.00
2018.04.03 07:15:26.372,0.69215,0.69233,1.00,1.00
2018.04.03 07:15:26.689,0.69215,0.69231,1.00,1.00
2018.04.03 07:15:27.327,0.69216,0.69231,1.00,1.00
2018.04.03 07:15:27.969,0.69217,0.69232,1.00,1.00
2018.04.03 07:15:29.506,0.69216,0.69234,1.00,1.12
2018.04.03 07:15:31.283,0.69218,0.69234,1.00,1.00
2018.04.03 07:15:31.428,0.69219,0.69237,1.00,1.00
2018.04.03 07:15:31.750,0.69221,0.69237,1.00,1.00
2018.04.03 07:15:32.895,0.69221,0.69239,1.00,1.00
2018.04.03 07:15:36.331,0.6922,0.69238,1.00,1.00
2018.04.03 07:15:36.832,0.69221,0.69239,1.00,1.12
2018.04.03 07:15:37.466,0.69222,0.6924,1.00,1.12
2018.04.03 07:15:38.029,0.69223,0.69238,1.00,1.00
2018.04.03 07:15:41.364,0.69224,0.6924,1.00,1.00
2018.04.03 07:15:41.517,0.69222,0.69239,1.50,1.00
2018.04.03 07:15:42.097,0.69222,0.6924,1.50,1.00
2018.04.03 07:15:42.572,0.69222,0.69238,1.50,1.00
2018.04.03 07:15:44.303,0.6922,0.69238,1.87,1.00
2018.04.03 07:15:47.363,0.69221,0.69238,1.00,1.00
2018.04.03 07:15:47.952,0.69223,0.69239,1.00,1.00
2018.04.03 07:15:48.468,0.69222,0.69239,1.00,1.00
2018.04.03 07:15:49.614,0.69222,0.6924,1.00,1.00
2018.04.03 07:15:54.109,0.69222,0.69239,1.00,1.12
2018.04.03 07:15:54.442,0.69221,0.69237,1.00,1.00
2018.04.03 07:15:54.875,0.69219,0.69237,1.50,1.00
2018.04.03 07:15:55.846,0.6922,0.69238,1.00,1.10
2018.04.03 07:15:56.369,0.69219,0.69237,1.00,1.00
2018.04.03 07:15:58.517,0.69222,0.69237,1.00,1.00
2018.04.03 07:15:58.904,0.69222,0.69239,1.00,1.12
2018.04.03 07:15:59.070,0.69224,0.69238,1.00,1.00
2018.04.03 07:16:02.072,0.69224,0.6924,1.00,1.00
2018.04.03 07:16:02.935,0.69222,0.69238,1.50,1.00
2018.04.03 07:16:04.228,0.69221,0.69238,1.00,1.00
2018.04.03 07:16:06.428,0.69221,0.69237,1.00,1.00
2018.04.03 07:16:06.970,0.69221,0.69234,1.00,1.00
2018.04.03 07:16:07.072,0.69219,0.69234,1.00,1.00
2018.04.03 07:16:07.616,0.69219,0.69235,1.00,1.00
2018.04.03 07:16:12.065,0.69219,0.69234,1.00,1.00
2018.04.03 07:16:12.613,0.69221,0.69235,1.00,1.00
2018.04.03 07:16:14.567,0.69219,0.69235,1.50,1.00
2018.04.03 07:16:16.300,0.69219,0.69236,1.00,1.87
2018.04.03 07:16:16.397,0.69219,0.69234,1.00,1.00
2018.04.03 07:16:16.901,0.69219,0.69235,1.00,1.00
2018.04.03 07:16:17.223,0.69219,0.69233,1.00,1.00
2018.04.03 07:16:18.151,0.69219,0.69235,1.00,1.00
2018.04.03 07:16:19.278,0.69219,0.69233,1.00,1.00
2018.04.03 07:16:19.838,0.69218,0.69233,1.00,1.50
2018.04.03 07:16:21.625,0.69218,0.69232,1.00,1.00
2018.04.03 07:16:22.127,0.69217,0.69232,1.00,1.12
2018.04.03 07:16:26.629,0.69217,0.69233,1.00,1.00
2018.04.03 07:16:27.843,0.69217,0.69232,1.00,1.12
2018.04.03 07:16:27.947,0.69215,0.69231,1.00,1.00
2018.04.03 07:16:29.899,0.69215,0.69229,1.00,1.00
2018.04.03 07:16:30.156,0.69212,0.69228,1.00,1.00
2018.04.03 07:16:30.730,0.69212,0.69229,1.00,1.50
2018.04.03 07:16:32.155,0.69214,0.6923,1.00,1.00
2018.04.03 07:16:32.674,0.69215,0.69231,1.00,1.00
2018.04.03 07:16:33.093,0.69215,0.69229,1.00,1.00
2018.04.03 07:16:34.667,0.69214,0.6923,1.00,1.00
2018.04.03 07:16:35.453,0.69214,0.69231,1.00,1.00
2018.04.03 07:16:40.004,0.69213,0.69231,1.00,1.87
2018.04.03 07:16:40.647,0.69213,0.69231,1.00,2.32
2018.04.03 07:16:42.263,0.69213,0.69231,1.00,2.32
2018.04.03 07:16:42.859,0.69214,0.69231,1.00,2.32
2018.04.03 07:16:44.193,0.69214,0.69229,1.00,1.00
2018.04.03 07:16:44.735,0.69214,0.6923,1.00,1.00
2018.04.03 07:16:46.295,0.69214,0.69231,1.00,1.12
2018.04.03 07:16:47.152,0.69215,0.69231,1.00,1.00
2018.04.03 07:16:47.255,0.69218,0.69236,1.00,1.37
2018.04.03 07:16:47.565,0.6922,0.69236,1.00,1.00
2018.04.03 07:16:48.002,0.69218,0.69236,1.00,1.00
2018.04.03 07:16:48.605,0.69217,0.69235,1.00,1.50
2018.04.03 07:16:49.115,0.69217,0.69236,1.50,1.50
2018.04.03 07:16:49.639,0.69218,0.69236,1.00,1.50
2018.04.03 07:16:50.146,0.69218,0.69234,1.00,1.00
2018.04.03 07:16:51.934,0.69219,0.69234,1.00,1.00
2018.04.03 07:16:52.623,0.69218,0.69234,1.00,1.00
2018.04.03 07:16:54.180,0.69219,0.69234,1.00,1.12
2018.04.03 07:16:56.897,0.6922,0.69235,1.00,1.50
2018.04.03 07:16:57.091,0.69218,0.69235,1.00,1.50
2018.04.03 07:16:58.854,0.69218,0.69236,1.50,1.50
2018.04.03 07:17:00.164,0.69219,0.69237,1.00,1.00
2018.04.03 07:17:00.702,0.6922,0.69237,1.50,1.00
2018.04.03 07:17:01.286,0.69219,0.69235,1.00,1.12
2018.04.03 07:17:01.542,0.69215,0.69232,1.00,1.00
2018.04.03 07:17:02.059,0.69215,0.69233,1.00,1.12
2018.04.03 07:17:02.700,0.69214,0.69232,1.50,1.00
2018.04.03 07:17:02.751,0.69214,0.6923,1.50,1.00
2018.04.03 07:17:03.305,0.69215,0.69231,1.00,1.00
2018.04.03 07:17:03.925,0.69213,0.69231,1.50,1.00
2018.04.03 07:17:04.452,0.69213,0.69231,1.50,1.37
2018.04.03 07:17:05.007,0.69213,0.6923,1.87,1.12
2018.04.03 07:17:05.419,0.69212,0.6923,1.00,1.12
2018.04.03 07:17:05.955,0.69212,0.69229,1.00,1.12
2018.04.03 07:17:06.591,0.69211,0.69228,1.00,1.00
2018.04.03 07:17:06.642,0.69211,0.69226,1.00,1.00
2018.04.03 07:17:06.744,0.69211,0.69228,1.00,1.87
2018.04.03 07:17:07.001,0.6921,0.69226,1.00,1.00
2018.04.03 07:17:08.053,0.6921,0.69225,1.00,1.00
2018.04.03 07:17:10.352,0.69211,0.69227,1.00,1.37
2018.04.03 07:17:10.854,0.69211,0.69229,1.00,1.00
2018.04.03 07:17:11.058,0.69212,0.69227,1.00,1.00
2018.04.03 07:17:11.566,0.69212,0.69228,1.00,1.00
2018.04.03 07:17:11.777,0.69209,0.69226,1.00,1.00
2018.04.03 07:17:12.372,0.69209,0.69225,1.50,1.00
2018.04.03 07:17:14.856,0.6921,0.69226,1.00,1.87
2018.04.03 07:17:15.252,0.69209,0.69228,1.87,1.87
2018.04.03 07:17:17.069,0.69209,0.69228,1.50,1.87
2018.04.03 07:17:17.933,0.69209,0.69227,1.50,1.00
2018.04.03 07:17:18.711,0.69209,0.69227,1.50,1.37
2018.04.03 07:17:21.618,0.6921,0.69226,1.00,1.87
2018.04.03 07:17:22.243,0.69211,0.69227,1.00,1.87
2018.04.03 07:17:24.501,0.69209,0.69227,1.50,1.37
2018.04.03 07:17:24.796,0.69213,0.69229,1.00,1.20
2018.04.03 07:17:25.641,0.69211,0.69228,1.00,1.50
2018.04.03 07:17:26.200,0.6921,0.69227,1.00,1.00
2018.04.03 07:17:30.195,0.69208,0.69225,1.10,1.00
2018.04.03 07:17:30.520,0.69216,0.69232,1.00,1.12
2018.04.03 07:17:30.929,0.69215,0.6923,1.00,1.00
2018.04.03 07:17:31.421,0.69211,0.69229,1.87,1.00
2018.04.03 07:17:32.414,0.69211,0.69228,1.00,1.00
2018.04.03 07:17:32.821,0.69213,0.69228,1.00,1.00
2018.04.03 07:17:33.069,0.69211,0.69228,1.00,1.50
2018.04.03 07:17:33.852,0.69211,0.69227,1.00,1.12
2018.04.03 07:17:38.312,0.6921,0.69227,1.00,1.12
2018.04.03 07:17:40.118,0.6921,0.69226,1.00,1.00
2018.04.03 07:17:40.783,0.69209,0.69226,1.00,1.00
2018.04.03 07:17:43.347,0.6921,0.69226,1.00,1.00
2018.04.03 07:17:43.398,0.6921,0.69228,1.50,1.12
2018.04.03 07:17:44.118,0.69211,0.69229,1.50,1.37
2018.04.03 07:17:46.487,0.69211,0.69227,1.87,1.00
2018.04.03 07:17:46.538,0.69214,0.69231,1.50,1.57
2018.04.03 07:17:46.751,0.69215,0.69233,1.00,1.00
2018.04.03 07:17:46.853,0.69213,0.69231,2.32,1.00
2018.04.03 07:17:47.156,0.69215,0.69233,1.00,1.10
2018.04.03 07:17:47.657,0.69218,0.69234,1.00,1.12
2018.04.03 07:17:48.412,0.69218,0.69236,1.00,1.50
2018.04.03 07:17:49.281,0.69219,0.69235,1.00,1.12
2018.04.03 07:17:49.806,0.69218,0.69236,1.00,1.37
2018.04.03 07:17:50.855,0.69217,0.69236,1.87,1.37
2018.04.03 07:17:51.377,0.69216,0.69234,1.87,1.00
2018.04.03 07:17:52.274,0.69217,0.69236,1.50,1.20
2018.04.03 07:17:52.325,0.69219,0.69235,1.00,1.00
2018.04.03 07:17:52.376,0.69217,0.69234,1.50,1.00
2018.04.03 07:17:53.039,0.69216,0.69233,1.00,1.00
2018.04.03 07:17:55.545,0.69215,0.69233,1.00,1.00
2018.04.03 07:17:56.104,0.69216,0.69233,1.00,1.12
2018.04.03 07:17:56.739,0.69216,0.69232,1.50,1.00
2018.04.03 07:17:58.727,0.69215,0.69233,1.00,1.12
2018.04.03 07:17:59.239,0.69216,0.69232,1.00,1.00
2018.04.03 07:18:00.180,0.69216,0.69234,1.00,1.95
2018.04.03 07:18:00.530,0.69218,0.69234,1.00,1.57
2018.04.03 07:18:00.734,0.6922,0.69238,1.50,2.32
2018.04.03 07:18:00.887,0.69223,0.69239,1.00,1.12
2018.04.03 07:18:03.449,0.69222,0.69239,1.00,1.00
2018.04.03 07:18:04.272,0.69222,0.69238,1.00,1.00
2018.04.03 07:18:05.260,0.69221,0.69238,1.00,1.00
2018.04.03 07:18:06.022,0.69222,0.6924,1.00,2.17
2018.04.03 07:18:06.326,0.69224,0.69243,1.00,1.57
2018.04.03 07:18:06.958,0.69224,0.6924,1.50,1.00
2018.04.03 07:18:09.257,0.69225,0.69242,1.00,1.50
2018.04.03 07:18:09.784,0.69225,0.69241,1.00,1.00
2018.04.03 07:18:10.235,0.69226,0.69243,1.50,1.87
2018.04.03 07:18:11.008,0.69225,0.69243,1.50,1.87
2018.04.03 07:18:11.252,0.69229,0.69245,1.00,1.12
2018.04.03 07:18:11.863,0.69228,0.69247,1.50,1.87
2018.04.03 07:18:12.065,0.69226,0.69244,1.00,1.50
2018.04.03 07:18:12.116,0.69225,0.69241,1.10,1.00
2018.04.03 07:18:14.043,0.69225,0.69243,1.00,1.87
2018.04.03 07:18:14.572,0.69224,0.69242,1.50,1.00
2018.04.03 07:18:15.275,0.69225,0.69241,1.00,1.00
2018.04.03 07:18:17.655,0.69225,0.69243,1.00,1.12
2018.04.03 07:18:17.807,0.69224,0.69242,1.50,1.50
2018.04.03 07:18:18.326,0.69224,0.69242,1.50,1.50
2018.04.03 07:18:19.322,0.69223,0.69241,1.10,2.25
2018.04.03 07:18:19.423,0.69223,0.69241,1.00,1.87
2018.04.03 07:18:21.512,0.69223,0.69239,1.00,1.00
2018.04.03 07:18:21.829,0.6922,0.69238,1.57,1.00
2018.04.03 07:18:22.359,0.69221,0.69239,1.10,1.00
2018.04.03 07:18:22.944,0.6922,0.69237,1.00,1.00
2018.04.03 07:18:23.726,0.69219,0.69237,1.00,1.87
2018.04.03 07:18:24.266,0.69219,0.69235,1.00,1.00
2018.04.03 07:18:26.714,0.69217,0.69235,1.00,1.00
2018.04.03 07:18:27.217,0.69215,0.69231,1.00,1.00
2018.04.03 07:18:27.320,0.69213,0.69231,1.50,1.12
2018.04.03 07:18:28.604,0.69211,0.6923,1.57,1.87
2018.04.03 07:18:28.655,0.69212,0.69228,1.00,1.00
2018.04.03 07:18:29.097,0.69213,0.6923,1.00,1.12
2018.04.03 07:18:29.619,0.69213,0.69232,1.57,1.37
2018.04.03 07:18:30.209,0.69213,0.69231,1.50,1.37
2018.04.03 07:18:30.934,0.69213,0.69231,1.00,1.87
2018.04.03 07:18:31.469,0.69214,0.69232,1.00,1.37
2018.04.03 07:18:32.258,0.69213,0.69231,1.00,1.37
2018.04.03 07:18:33.951,0.69214,0.6923,1.00,1.12
2018.04.03 07:18:34.523,0.69214,0.6923,1.00,1.37
2018.04.03 07:18:34.723,0.69218,0.69233,1.00,1.87
2018.04.03 07:18:34.895,0.69221,0.69236,1.00,1.37
2018.04.03 07:18:35.283,0.69218,0.69236,1.00,1.87
2018.04.03 07:18:35.850,0.6922,0.69236,1.00,1.87
2018.04.03 07:18:36.608,0.6922,0.69236,1.00,1.00
2018.04.03 07:18:37.144,0.69221,0.69237,1.00,1.12
2018.04.03 07:18:40.752,0.69222,0.69238,1.00,1.37
2018.04.03 07:18:41.658,0.69222,0.6924,1.37,1.87
2018.04.03 07:18:42.765,0.69222,0.6924,1.00,1.87
2018.04.03 07:18:43.828,0.69224,0.6924,1.00,1.87
2018.04.03 07:18:44.554,0.69222,0.6924,1.00,1.87
2018.04.03 07:18:47.434,0.69223,0.6924,1.00,1.37
2018.04.03 07:18:47.485,0.69223,0.69241,1.00,1.37
2018.04.03 07:18:47.797,0.69225,0.69241,1.00,1.37
2018.04.03 07:18:48.865,0.69224,0.69241,1.00,1.37
2018.04.03 07:18:52.026,0.69223,0.6924,1.00,1.37
2018.04.03 07:18:52.576,0.69222,0.69239,1.00,1.37
2018.04.03 07:18:54.162,0.69222,0.6924,1.57,1.37
2018.04.03 07:18:54.688,0.69223,0.6924,1.00,1.87
2018.04.03 07:18:57.386,0.69224,0.6924,1.00,1.37
2018.04.03 07:18:58.268,0.69223,0.69239,1.50,1.12
2018.04.03 07:19:01.092,0.69222,0.69238,1.00,1.00
2018.04.03 07:19:01.605,0.69221,0.6924,1.00,2.32
2018.04.03 07:19:02.534,0.6922,0.69239,1.50,1.00
2018.04.03 07:19:03.723,0.69221,0.69239,1.00,1.00
2018.04.03 07:19:04.458,0.69222,0.69239,1.00,1.00
2018.04.03 07:19:05.119,0.69223,0.6924,1.50,1.50
2018.04.03 07:19:05.345,0.69225,0.69243,1.00,1.37
2018.04.03 07:19:05.497,0.69226,0.69244,1.00,1.57
2018.04.03 07:19:06.059,0.69227,0.69244,1.00,1.00
2018.04.03 07:19:11.405,0.69227,0.69244,1.00,1.50
2018.04.03 07:19:11.506,0.69225,0.69241,1.00,1.00
2018.04.03 07:19:12.385,0.69224,0.69242,1.00,1.37
2018.04.03 07:19:12.990,0.69225,0.69241,1.00,1.50
2018.04.03 07:19:13.042,0.69223,0.69241,1.00,1.50
2018.04.03 07:19:13.200,0.69225,0.69241,1.00,1.50
2018.04.03 07:19:13.742,0.69224,0.6924,1.00,1.00
2018.04.03 07:19:13.895,0.69225,0.69243,1.50,1.50
2018.04.03 07:19:14.048,0.69225,0.69243,1.00,1.37
2018.04.03 07:19:16.135,0.69225,0.69241,1.00,1.00
2018.04.03 07:19:17.913,0.69225,0.69243,1.50,1.50
2018.04.03 07:19:21.172,0.69226,0.69242,1.00,1.50
2018.04.03 07:19:23.286,0.69225,0.69242,1.00,1.00
2018.04.03 07:19:23.601,0.69224,0.69239,1.00,1.00
2018.04.03 07:19:23.810,0.69222,0.6924,2.62,1.00
2018.04.03 07:19:24.339,0.69222,0.69239,1.00,1.00
2018.04.03 07:19:29.182,0.6922,0.69238,1.87,1.00
2018.04.03 07:19:29.234,0.69222,0.69238,1.00,1.00
2018.04.03 07:19:29.611,0.6922,0.69238,1.87,1.00
2018.04.03 07:19:30.117,0.69221,0.69239,1.00,1.00
2018.04.03 07:19:30.631,0.6922,0.69238,1.87,1.00
2018.04.03 07:19:31.249,0.69219,0.69237,1.50,1.00
2018.04.03 07:19:31.787,0.69221,0.69237,1.00,1.00
2018.04.03 07:19:31.838,0.69219,0.69237,1.50,1.00
2018.04.03 07:19:33.515,0.69221,0.69239,1.50,1.50
2018.04.03 07:19:33.721,0.69222,0.6924,1.50,1.12
2018.04.03 07:19:38.835,0.69224,0.69241,1.00,1.00
2018.04.03 07:19:39.392,0.69224,0.69242,1.00,1.00
2018.04.03 07:19:40.101,0.69224,0.69241,1.00,1.00
2018.04.03 07:19:40.837,0.69224,0.69242,1.50,1.00
2018.04.03 07:19:42.019,0.69224,0.69241,1.00,1.00
2018.04.03 07:19:42.121,0.69225,0.69243,1.50,1.00
2018.04.03 07:19:42.483,0.69224,0.69241,1.00,1.00
2018.04.03 07:19:43.145,0.69223,0.69241,1.87,1.00
2018.04.03 07:19:48.337,0.69223,0.69239,1.50,1.00
2018.04.03 07:19:51.953,0.69219,0.69235,1.37,1.00
2018.04.03 07:19:52.058,0.69217,0.69235,1.12,1.12
2018.04.03 07:19:52.211,0.69216,0.69233,1.87,1.00
2018.04.03 07:19:52.575,0.69217,0.69235,1.12,1.00
2018.04.03 07:19:53.589,0.69217,0.69235,1.20,1.00
2018.04.03 07:19:54.119,0.69217,0.69235,1.12,1.00
2018.04.03 07:19:57.675,0.6922,0.69238,1.50,1.00
2018.04.03 07:19:58.045,0.69222,0.6924,1.50,1.12
2018.04.03 07:20:00.159,0.69223,0.6924,1.00,1.00
2018.04.03 07:20:00.718,0.69223,0.69241,1.00,1.00
2018.04.03 07:20:01.272,0.69223,0.69241,1.00,1.37
2018.04.03 07:20:01.813,0.69222,0.6924,1.50,1.00
2018.04.03 07:20:07.868,0.69222,0.6924,1.00,2.25
2018.04.03 07:20:09.104,0.69221,0.69239,1.00,1.00
2018.04.03 07:20:09.633,0.69222,0.6924,1.10,1.12
2018.04.03 07:20:10.392,0.69223,0.6924,1.00,1.00
2018.04.03 07:20:11.173,0.69222,0.6924,1.12,1.50
2018.04.03 07:20:11.843,0.69222,0.6924,1.12,1.87
2018.04.03 07:20:14.095,0.69222,0.6924,1.00,1.50
2018.04.03 07:20:20.578,0.69222,0.69241,1.10,1.87
2018.04.03 07:20:23.323,0.69222,0.69241,1.37,1.87
2018.04.03 07:20:24.090,0.69222,0.69241,1.37,1.50
2018.04.03 07:20:24.722,0.69222,0.69241,1.47,1.50
2018.04.03 07:20:25.142,0.69221,0.6924,1.95,1.12
2018.04.03 07:20:25.674,0.69222,0.69241,3.07,1.00
2018.04.03 07:20:26.180,0.69222,0.69241,3.07,1.00
2018.04.03 07:20:26.989,0.69223,0.69242,1.10,1.00
2018.04.03 07:20:27.490,0.69224,0.69242,1.00,1.00
2018.04.03 07:20:29.096,0.69223,0.6924,1.00,1.00
2018.04.03 07:20:31.409,0.69223,0.69239,1.00,1.00
2018.04.03 07:20:34.572,0.69222,0.69241,1.10,1.37
2018.04.03 07:20:39.579,0.69222,0.6924,1.47,1.12
2018.04.03 07:20:42.749,0.69222,0.6924,1.20,1.12
2018.04.03 07:20:43.848,0.69221,0.6924,1.50,1.87
2018.04.03 07:20:44.626,0.69221,0.69239,1.50,1.00
2018.04.03 07:20:45.286,0.69221,0.69238,1.00,1.00
2018.04.03 07:20:45.593,0.69224,0.6924,1.00,1.00
2018.04.03 07:20:47.646,0.69223,0.69241,1.00,1.00
2018.04.03 07:20:59.557,0.69223,0.69241,1.50,1.37
2018.04.03 07:21:00.343,0.69222,0.6924,1.00,1.87
2018.04.03 07:21:00.794,0.69221,0.69238,1.00,1.50
2018.04.03 07:21:01.465,0.6922,0.69238,1.50,1.50
2018.04.03 07:21:05.559,0.6922,0.69238,1.00,1.75
2018.04.03 07:21:06.083,0.69219,0.69236,1.00,1.00
2018.04.03 07:21:06.186,0.69216,0.69235,1.50,1.50
2018.04.03 07:21:06.593,0.69218,0.69235,1.00,1.00
2018.04.03 07:21:07.003,0.69217,0.69235,1.50,1.37
2018.04.03 07:21:08.063,0.69216,0.69234,1.50,1.37
2018.04.03 07:21:08.605,0.69216,0.69234,1.50,1.00
2018.04.03 07:21:10.184,0.69217,0.69235,1.00,1.12
2018.04.03 07:21:10.708,0.69218,0.69235,1.00,1.12
2018.04.03 07:21:11.079,0.69219,0.69237,1.00,1.50
2018.04.03 07:21:11.232,0.69218,0.69236,1.00,1.37
2018.04.03 07:21:11.788,0.69219,0.69237,1.00,1.50
2018.04.03 07:21:12.324,0.6922,0.69237,1.00,1.37
2018.04.03 07:21:13.130,0.69218,0.69237,1.50,1.87
2018.04.03 07:21:13.181,0.69217,0.69235,1.00,1.37
2018.04.03 07:21:13.744,0.6922,0.69234,1.50,1.00
2018.04.03 07:21:13.795,0.6922,0.69238,1.50,1.37
2018.04.03 07:21:14.343,0.69219,0.69237,2.25,1.12
2018.04.03 07:21:17.852,0.69223,0.69238,1.00,1.12
2018.04.03 07:21:19.664,0.69222,0.6924,1.00,1.37
2018.04.03 07:21:20.023,0.6922,0.69238,1.50,1.12
2018.04.03 07:21:20.128,0.69219,0.69237,1.50,1.50
2018.04.03 07:21:21.946,0.69221,0.69237,1.00,1.00
2018.04.03 07:21:22.101,0.69222,0.6924,1.00,1.87
2018.04.03 07:21:22.839,0.69223,0.6924,1.00,1.37
2018.04.03 07:21:23.381,0.69222,0.69238,1.00,1.00
2018.04.03 07:21:24.095,0.69222,0.6924,1.00,1.95
2018.04.03 07:21:24.724,0.69222,0.69238,1.00,1.12
2018.04.03 07:21:24.776,0.69224,0.6924,1.00,1.75
2018.04.03 07:21:24.878,0.69224,0.6924,1.00,1.00
2018.04.03 07:21:24.979,0.69224,0.69242,1.00,1.50
2018.04.03 07:21:25.141,0.69223,0.69241,1.00,1.87
2018.04.03 07:21:27.041,0.69224,0.69241,1.00,1.37
2018.04.03 07:21:27.635,0.69224,0.69242,1.50,1.37
2018.04.03 07:21:28.187,0.69225,0.69242,1.00,1.37
2018.04.03 07:21:28.448,0.69225,0.6924,1.00,1.37
2018.04.03 07:21:28.500,0.69225,0.69241,1.00,1.37
2018.04.03 07:21:29.991,0.69223,0.6924,1.00,1.37
2018.04.03 07:21:32.853,0.69223,0.69241,1.00,2.62
2018.04.03 07:21:33.377,0.69225,0.69241,1.00,1.47
2018.04.03 07:21:34.715,0.69224,0.6924,1.00,1.37
2018.04.03 07:21:35.329,0.69225,0.69241,1.00,1.37
2018.04.03 07:21:35.609,0.69225,0.69241,1.00,1.12
2018.04.03 07:21:36.477,0.69225,0.69243,1.00,1.37
2018.04.03 07:21:37.182,0.69226,0.69244,1.00,1.37
2018.04.03 07:21:37.686,0.69225,0.69241,1.00,1.00
2018.04.03 07:21:40.705,0.69226,0.69242,1.00,1.37
2018.04.03 07:21:40.756,0.69224,0.69242,1.00,1.37
2018.04.03 07:21:40.945,0.69224,0.69242,1.00,1.37
2018.04.03 07:21:41.249,0.69222,0.69238,1.00,1.37
2018.04.03 07:21:41.299,0.69218,0.69236,2.32,1.12
2018.04.03 07:21:41.350,0.69217,0.69235,1.10,1.00
2018.04.03 07:21:41.401,0.69216,0.69233,1.00,1.37
2018.04.03 07:21:43.303,0.69215,0.69231,1.00,1.12
2018.04.03 07:21:44.774,0.69213,0.69229,1.00,1.12
2018.04.03 07:21:45.184,0.69211,0.69227,1.00,1.12
2018.04.03 07:21:45.516,0.6921,0.69227,1.00,1.87
2018.04.03 07:21:49.622,0.69211,0.69227,1.00,1.87
2018.04.03 07:21:50.249,0.6921,0.69227,1.00,1.87
2018.04.03 07:21:50.300,0.6921,0.69227,1.00,1.87
2018.04.03 07:21:53.946,0.69211,0.69226,1.00,1.37
2018.04.03 07:21:54.522,0.6921,0.69226,1.00,1.37
2018.04.03 07:21:55.157,0.69212,0.69228,1.00,1.87
2018.04.03 07:21:55.830,0.69214,0.69228,1.00,1.37
2018.04.03 07:21:55.999,0.69214,0.69228,1.00,1.00
2018.04.03 07:21:56.505,0.69214,0.6923,1.00,1.37
2018.04.03 07:21:57.073,0.69215,0.69231,1.00,3.37
2018.04.03 07:21:57.635,0.69214,0.69232,1.00,1.87
2018.04.03 07:21:58.142,0.69215,0.69232,1.00,2.62
2018.04.03 07:21:58.864,0.69214,0.69232,1.00,2.62
2018.04.03 07:22:00.226,0.69215,0.69232,1.00,1.37
2018.04.03 07:22:02.151,0.69215,0.69232,1.00,1.37
2018.04.03 07:22:02.835,0.69213,0.69229,1.00,1.12
2018.04.03 07:22:02.987,0.69211,0.69229,1.00,1.37
2018.04.03 07:22:05.418,0.69214,0.69232,1.00,3.45
2018.04.03 07:22:05.623,0.69214,0.69232,1.00,2.25
2018.04.03 07:22:07.885,0.69211,0.69228,1.37,1.00
2018.04.03 07:22:07.988,0.69211,0.69228,1.00,1.37
2018.04.03 07:22:08.488,0.69211,0.69229,1.00,1.12
2018.04.03 07:22:09.213,0.69211,0.69229,1.37,1.12
2018.04.03 07:22:09.471,0.69214,0.69232,1.00,2.62
2018.04.03 07:22:09.675,0.69215,0.69233,1.00,1.95
2018.04.03 07:22:11.019,0.69215,0.69233,1.00,1.87
2018.04.03 07:22:12.137,0.69213,0.69231,1.47,1.87
2018.04.03 07:22:12.458,0.69212,0.6923,1.00,1.00
2018.04.03 07:22:14.415,0.69212,0.6923,1.00,1.37
2018.04.03 07:22:15.918,0.69211,0.69229,1.00,1.37
2018.04.03 07:22:16.221,0.6921,0.69228,1.00,1.87
2018.04.03 07:22:17.772,0.69208,0.69226,1.00,1.12
2018.04.03 07:22:17.874,0.6921,0.69226,1.00,1.37
2018.04.03 07:22:18.970,0.69209,0.69225,1.00,1.12
2018.04.03 07:22:19.783,0.69208,0.69225,1.00,1.87
2018.04.03 07:22:20.362,0.69207,0.69224,1.00,1.00
2018.04.03 07:22:23.632,0.69207,0.69223,1.00,1.00
2018.04.03 07:22:24.460,0.69208,0.69224,1.00,1.57
2018.04.03 07:22:29.890,0.69209,0.69224,1.00,1.00
2018.04.03 07:22:30.249,0.69206,0.69224,1.00,2.32
2018.04.03 07:22:30.762,0.69206,0.69224,1.00,1.95
2018.04.03 07:22:32.024,0.69207,0.69224,1.00,1.12
2018.04.03 07:22:33.832,0.69207,0.69223,1.00,1.37
2018.04.03 07:22:34.400,0.69206,0.69222,1.00,1.87
2018.04.03 07:22:36.557,0.69206,0.69223,1.00,1.37
2018.04.03 07:22:39.603,0.69205,0.69223,1.00,2.25
2018.04.03 07:22:41.469,0.69206,0.69223,1.00,1.50
2018.04.03 07:22:43.305,0.69205,0.69223,1.00,4.20
2018.04.03 07:22:43.621,0.69202,0.6922,1.00,1.12
2018.04.03 07:22:43.724,0.69201,0.69219,1.00,1.37
2018.04.03 07:22:44.263,0.692,0.69218,1.00,1.12
2018.04.03 07:22:45.418,0.69199,0.69218,1.00,2.70
2018.04.03 07:22:50.041,0.69199,0.69218,1.37,4.20
2018.04.03 07:22:50.551,0.69201,0.69217,1.00,3.00
2018.04.03 07:22:50.847,0.69199,0.69217,1.12,3.07
2018.04.03 07:22:51.713,0.69201,0.69217,1.00,1.87
2018.04.03 07:22:51.766,0.69198,0.69217,1.87,1.37
2018.04.03 07:22:51.817,0.69198,0.69215,1.00,1.37
2018.04.03 07:22:53.206,0.69197,0.69216,1.12,1.95
2018.04.03 07:22:53.946,0.69199,0.69215,1.00,1.37
2018.04.03 07:22:54.049,0.69199,0.69216,1.00,1.37
2018.04.03 07:22:54.100,0.69202,0.69218,1.00,1.87
2018.04.03 07:22:54.151,0.69202,0.69218,1.00,1.12
2018.04.03 07:22:54.304,0.69203,0.69221,1.00,1.12
2018.04.03 07:22:54.848,0.69207,0.69225,1.00,3.45
2018.04.03 07:22:54.900,0.69209,0.69225,1.00,1.95
2018.04.03 07:22:55.206,0.69207,0.69226,1.00,1.95
2018.04.03 07:22:55.609,0.69211,0.69227,1.00,1.47
2018.04.03 07:22:56.174,0.6921,0.69229,1.00,1.95
2018.04.03 07:22:58.067,0.69209,0.69227,1.00,1.37
2018.04.03 07:22:58.758,0.6921,0.69228,1.00,1.37
2018.04.03 07:23:02.630,0.69209,0.69227,1.00,1.47
2018.04.03 07:23:04.873,0.69211,0.69227,1.00,1.47
2018.04.03 07:23:05.483,0.69209,0.69227,1.00,1.47
2018.04.03 07:23:05.962,0.69208,0.69224,1.00,1.00
2018.04.03 07:23:06.014,0.69206,0.69225,1.00,1.12
2018.04.03 07:23:06.577,0.69206,0.69224,1.00,1.12
2018.04.03 07:23:07.096,0.69206,0.69223,1.00,1.00
2018.04.03 07:23:08.535,0.69206,0.69224,1.00,1.87
2018.04.03 07:23:09.676,0.69205,0.69224,1.00,1.87
2018.04.03 07:23:11.915,0.69205,0.69224,1.47,1.87
2018.04.03 07:23:12.068,0.6921,0.69227,1.00,1.00
2018.04.03 07:23:12.172,0.69213,0.69229,1.00,1.37
2018.04.03 07:23:12.888,0.69212,0.69229,1.00,1.00
2018.04.03 07:23:13.669,0.69212,0.6923,1.00,1.00
2018.04.03 07:23:14.613,0.69213,0.69232,1.00,1.87
2018.04.03 07:23:16.434,0.69215,0.69231,1.00,1.12
2018.04.03 07:23:17.042,0.69214,0.69233,1.00,3.00
2018.04.03 07:23:17.587,0.69214,0.69231,1.00,1.00
2018.04.03 07:23:17.943,0.69212,0.69229,1.00,1.00
2018.04.03 07:23:18.527,0.69212,0.69228,1.00,1.50
2018.04.03 07:23:19.155,0.69211,0.6923,1.00,1.50
2018.04.03 07:23:19.206,0.69211,0.69228,1.00,1.00
2018.04.03 07:23:20.244,0.69212,0.69228,1.00,1.00
2018.04.03 07:23:21.727,0.69211,0.69228,1.00,1.37
2018.04.03 07:23:22.028,0.6921,0.69226,1.00,1.37
2018.04.03 07:23:24.264,0.69208,0.69225,1.37,1.12
2018.04.03 07:23:24.400,0.69208,0.69225,1.37,1.12
2018.04.03 07:23:26.439,0.69208,0.69225,1.37,1.12
2018.04.03 07:23:26.828,0.69208,0.69225,1.12,1.12
2018.04.03 07:23:26.942,0.69208,0.69225,1.37,1.12
2018.04.03 07:23:27.549,0.69208,0.69226,1.37,1.87
2018.04.03 07:23:27.820,0.69206,0.69224,1.10,1.12
2018.04.03 07:23:28.583,0.69207,0.69224,1.00,1.87
2018.04.03 07:23:29.102,0.69207,0.69223,1.00,1.00
2018.04.03 07:23:29.279,0.69205,0.69223,1.12,1.00
2018.04.03 07:23:29.331,0.69205,0.69221,1.12,1.00
2018.04.03 07:23:29.637,0.69202,0.69219,1.37,1.00
2018.04.03 07:23:29.988,0.69201,0.69217,1.37,1.00
2018.04.03 07:23:30.454,0.69203,0.6922,1.12,1.12
2018.04.03 07:23:31.602,0.69203,0.69218,1.12,1.00
2018.04.03 07:23:31.983,0.69201,0.69215,1.12,1.00
2018.04.03 07:23:32.035,0.69201,0.69218,1.12,1.00
2018.04.03 07:23:32.237,0.69199,0.69217,1.00,1.00
2018.04.03 07:23:32.757,0.692,0.69218,1.00,1.00
2018.04.03 07:23:32.929,0.69202,0.69218,1.00,1.50
2018.04.03 07:23:33.402,0.692,0.69216,1.00,1.00
2018.04.03 07:23:35.993,0.69202,0.69219,1.50,1.12
2018.04.03 07:23:36.045,0.69204,0.69219,1.00,1.12
2018.04.03 07:23:38.333,0.69204,0.69221,1.00,1.00
2018.04.03 07:23:38.574,0.69202,0.69218,1.12,1.00
2018.04.03 07:23:39.110,0.69201,0.69217,1.87,1.00
2018.04.03 07:23:39.745,0.69201,0.69217,1.00,1.00
2018.04.03 07:23:41.709,0.692,0.69216,1.00,1.00
2018.04.03 07:23:42.289,0.692,0.69217,1.00,1.00
2018.04.03 07:23:42.858,0.69201,0.69217,1.00,1.00
2018.04.03 07:23:44.479,0.69202,0.69219,1.00,1.12
2018.04.03 07:23:44.631,0.69206,0.6922,1.00,1.00
2018.04.03 07:23:44.682,0.69206,0.69222,1.00,1.50
2018.04.03 07:23:44.783,0.69204,0.6922,1.50,1.00
2018.04.03 07:23:46.716,0.69203,0.6922,1.00,1.00
2018.04.03 07:23:46.818,0.69202,0.69218,1.00,1.00
2018.04.03 07:23:47.433,0.69201,0.69218,1.00,1.00
2018.04.03 07:23:49.848,0.69202,0.69219,1.00,1.00
2018.04.03 07:23:50.358,0.69201,0.69219,1.00,1.50
2018.04.03 07:23:50.883,0.69202,0.69217,1.00,1.00
2018.04.03 07:23:51.033,0.692,0.69216,1.00,1.00
2018.04.03 07:23:51.135,0.69202,0.69218,1.00,2.62
2018.04.03 07:23:51.631,0.69201,0.69216,1.00,1.00
2018.04.03 07:23:52.236,0.69202,0.69216,1.00,1.00
2018.04.03 07:23:53.972,0.69201,0.69217,1.00,1.00
2018.04.03 07:23:54.492,0.69202,0.69219,1.00,1.12
2018.04.03 07:23:55.032,0.69202,0.6922,1.00,2.25
2018.04.03 07:23:55.244,0.69202,0.69218,1.00,1.00
2018.04.03 07:23:56.148,0.692,0.69215,1.00,1.00
2018.04.03 07:23:56.200,0.692,0.69217,1.00,1.00
2018.04.03 07:24:00.201,0.692,0.69218,1.00,1.87
2018.04.03 07:24:01.127,0.69201,0.69218,1.00,1.00
2018.04.03 07:24:01.720,0.69201,0.69219,1.37,2.25
2018.04.03 07:24:01.800,0.692,0.69218,1.00,1.00
2018.04.03 07:24:01.852,0.69199,0.69216,1.00,1.00
2018.04.03 07:24:02.368,0.69197,0.69215,1.00,1.00
2018.04.03 07:24:02.419,0.69197,0.69213,1.00,1.00
2018.04.03 07:24:02.571,0.69194,0.69212,1.47,1.00
2018.04.03 07:24:02.764,0.69194,0.6921,1.00,1.00
2018.04.03 07:24:03.279,0.69191,0.69209,1.00,1.00
2018.04.03 07:24:05.317,0.69191,0.69208,1.00,1.00
2018.04.03 07:24:06.122,0.69192,0.69208,1.00,1.00
2018.04.03 07:24:06.765,0.69191,0.69208,1.00,1.00
2018.04.03 07:24:10.555,0.69191,0.69209,1.00,1.00
2018.04.03 07:24:11.084,0.69191,0.69208,1.00,1.00
2018.04.03 07:24:12.554,0.69191,0.69209,1.00,1.57
2018.04.03 07:24:14.690,0.69191,0.69208,1.00,1.00
2018.04.03 07:24:15.205,0.69191,0.69209,1.00,1.50
2018.04.03 07:24:15.796,0.6919,0.69208,1.00,1.00
2018.04.03 07:24:17.857,0.69191,0.69208,1.00,1.00
2018.04.03 07:24:19.936,0.69191,0.69209,1.00,1.00
2018.04.03 07:24:20.488,0.69192,0.69209,1.00,1.00
2018.04.03 07:24:21.148,0.69192,0.6921,1.00,2.62
2018.04.03 07:24:22.849,0.69192,0.6921,1.00,3.07
2018.04.03 07:24:23.046,0.69192,0.69209,1.00,1.87
2018.04.03 07:24:24.138,0.69191,0.69209,1.00,2.70
2018.04.03 07:24:25.953,0.69191,0.69208,1.00,1.00
2018.04.03 07:24:26.759,0.69192,0.6921,1.00,1.37
2018.04.03 07:24:28.788,0.69191,0.69208,1.00,1.12
2018.04.03 07:24:29.312,0.69191,0.69209,1.00,2.70
2018.04.03 07:24:30.552,0.69189,0.69207,1.00,1.87
2018.04.03 07:24:33.998,0.69189,0.69207,1.00,3.37
2018.04.03 07:24:37.088,0.69189,0.69207,1.00,1.87
2018.04.03 07:24:38.297,0.69189,0.69207,1.00,2.47
2018.04.03 07:24:38.349,0.69188,0.69204,1.00,1.00
2018.04.03 07:24:38.401,0.69186,0.69205,1.12,1.87
2018.04.03 07:24:38.503,0.69189,0.69206,1.00,2.25
2018.04.03 07:24:39.023,0.69189,0.69207,1.00,1.87
2018.04.03 07:24:42.918,0.69188,0.69206,1.00,1.37
2018.04.03 07:24:53.315,0.69184,0.692,1.00,1.00
2018.04.03 07:24:53.704,0.69181,0.69199,1.12,1.87
2018.04.03 07:24:54.093,0.69184,0.692,1.00,1.37
2018.04.03 07:24:54.299,0.69184,0.69202,1.00,2.70
2018.04.03 07:24:54.805,0.69185,0.69202,1.00,1.37
2018.04.03 07:24:55.496,0.69184,0.69201,1.00,1.12
2018.04.03 07:24:57.094,0.69186,0.69205,1.00,1.37
2018.04.03 07:24:59.081,0.69187,0.69203,1.00,1.00
2018.04.03 07:25:00.959,0.69185,0.69203,1.00,1.00
2018.04.03 07:25:04.134,0.69183,0.69202,1.00,1.00
2018.04.03 07:25:04.779,0.69184,0.69202,1.00,1.00
2018.04.03 07:25:07.645,0.69184,0.69202,1.00,1.37
2018.04.03 07:25:08.465,0.69183,0.69201,1.00,1.12
2018.04.03 07:25:08.669,0.69185,0.69202,1.00,1.00
2018.04.03 07:25:11.003,0.69185,0.69203,1.00,1.00
2018.04.03 07:25:12.003,0.69186,0.69204,1.00,1.12
2018.04.03 07:25:13.821,0.69185,0.69204,1.12,1.50
2018.04.03 07:25:14.132,0.69188,0.69204,1.00,1.50
2018.04.03 07:25:18.137,0.69186,0.69204,1.00,1.12
2018.04.03 07:25:20.092,0.69187,0.69203,1.00,1.00
2018.04.03 07:25:20.685,0.69186,0.69203,1.00,1.00
2018.04.03 07:25:23.042,0.69186,0.69204,1.00,1.12
2018.04.03 07:25:23.478,0.69184,0.69202,1.00,1.37
2018.04.03 07:25:26.599,0.69184,0.69198,1.00,1.00
2018.04.03 07:25:30.369,0.69183,0.69198,1.00,1.00
2018.04.03 07:25:31.071,0.69183,0.69197,1.00,1.00
2018.04.03 07:25:31.630,0.69182,0.69197,1.00,1.00
2018.04.03 07:25:32.344,0.69182,0.69198,1.00,1.00
2018.04.03 07:25:32.688,0.69178,0.69194,1.00,1.00
2018.04.03 07:25:32.993,0.69183,0.69198,1.00,1.00
2018.04.03 07:25:33.621,0.69183,0.69197,1.00,1.00
2018.04.03 07:25:34.283,0.69183,0.69198,1.00,1.00
2018.04.03 07:25:35.185,0.69184,0.69198,1.00,1.00
2018.04.03 07:25:35.602,0.69184,0.69196,1.00,1.00
2018.04.03 07:25:36.105,0.69183,0.69196,1.00,1.00
2018.04.03 07:25:37.376,0.69181,0.69196,1.00,1.00
2018.04.03 07:25:37.885,0.69181,0.69195,1.00,1.00
2018.04.03 07:25:38.935,0.6918,0.69195,1.00,1.00
2018.04.03 07:25:43.103,0.69181,0.69195,1.00,1.00
2018.04.03 07:25:48.198,0.6918,0.69195,1.00,1.00
2018.04.03 07:25:49.280,0.69181,0.69195,1.00,1.00
2018.04.03 07:25:50.274,0.69183,0.69196,1.00,1.00
2018.04.03 07:25:50.440,0.69184,0.69198,1.00,1.00
2018.04.03 07:25:50.973,0.69183,0.69198,1.00,1.00
2018.04.03 07:25:51.484,0.69183,0.69197,1.00,1.00
2018.04.03 07:25:52.040,0.69184,0.69197,1.00,1.00
2018.04.03 07:25:52.765,0.69184,0.69198,1.00,1.00
2018.04.03 07:25:59.556,0.69185,0.69198,1.00,1.00
2018.04.03 07:25:59.658,0.69187,0.69199,1.00,1.00
2018.04.03 07:26:00.189,0.69187,0.692,1.00,1.00
2018.04.03 07:26:00.571,0.69189,0.69202,1.00,1.00
2018.04.03 07:26:01.173,0.6919,0.69202,1.00,1.00
2018.04.03 07:26:02.112,0.69186,0.692,1.57,1.00
2018.04.03 07:26:02.776,0.69186,0.69204,1.50,1.12
2018.04.03 07:26:03.476,0.69186,0.69203,1.50,1.00
2018.04.03 07:26:04.600,0.69186,0.69205,1.50,1.87
2018.04.03 07:26:05.233,0.69188,0.69204,1.00,1.12
2018.04.03 07:26:06.295,0.69189,0.69205,1.00,1.87
2018.04.03 07:26:10.416,0.69189,0.69207,1.00,1.37
2018.04.03 07:26:10.945,0.69188,0.69205,1.00,1.12
2018.04.03 07:26:11.455,0.69187,0.69205,1.00,1.87
2018.04.03 07:26:12.062,0.69188,0.69205,1.00,1.00
2018.04.03 07:26:12.543,0.69187,0.69203,1.00,1.50
2018.04.03 07:26:13.074,0.69188,0.69203,1.00,1.00
2018.04.03 07:26:13.657,0.69187,0.69204,1.00,1.00
2018.04.03 07:26:14.177,0.69188,0.69206,1.00,1.87
2018.04.03 07:26:15.780,0.6919,0.69206,1.00,1.00
2018.04.03 07:26:15.881,0.69191,0.69208,1.00,1.87
2018.04.03 07:26:16.488,0.6919,0.69208,1.00,1.87
2018.04.03 07:26:16.539,0.6919,0.69206,1.00,1.00
2018.04.03 07:26:17.432,0.69191,0.69207,1.00,1.50
2018.04.03 07:26:17.524,0.69189,0.69207,1.00,1.50
2018.04.03 07:26:18.342,0.6919,0.69207,1.00,1.00
2018.04.03 07:26:18.882,0.69191,0.69207,1.00,1.00
2018.04.03 07:26:18.989,0.69189,0.69207,1.00,1.50
2018.04.03 07:26:19.496,0.69191,0.69207,1.00,1.87
2018.04.03 07:26:20.279,0.69189,0.69207,1.00,1.87
2018.04.03 07:26:23.706,0.69189,0.69207,1.00,1.87
2018.04.03 07:26:24.300,0.69188,0.69206,1.00,1.37
2018.04.03 07:26:28.445,0.69188,0.69205,1.00,1.50
2018.04.03 07:26:29.492,0.69188,0.69205,1.00,1.50
2018.04.03 07:26:30.115,0.69189,0.69206,1.00,1.37
2018.04.03 07:26:31.905,0.69188,0.69206,1.00,1.37
2018.04.03 07:26:35.025,0.69188,0.69204,1.00,1.00
2018.04.03 07:26:35.634,0.69188,0.69206,1.00,1.37
2018.04.03 07:26:35.988,0.69188,0.69204,1.50,1.37
2018.04.03 07:26:36.141,0.69188,0.69206,1.00,2.62
2018.04.03 07:26:36.643,0.6919,0.69205,1.00,1.37
2018.04.03 07:26:37.871,0.6919,0.69206,1.00,1.37
2018.04.03 07:26:38.618,0.69189,0.69207,1.00,1.87
2018.04.03 07:26:41.826,0.6919,0.69207,1.00,1.37
2018.04.03 07:26:48.440,0.69191,0.69209,1.00,1.87
2018.04.03 07:26:50.934,0.6919,0.69208,1.50,1.37
2018.04.03 07:26:53.720,0.69191,0.69208,1.00,1.37
2018.04.03 07:26:55.377,0.6919,0.69206,1.00,1.37
2018.04.03 07:26:56.973,0.69191,0.69207,1.00,2.62
2018.04.03 07:26:57.074,0.69191,0.69209,1.00,2.25
2018.04.03 07:27:00.324,0.69193,0.69208,1.00,1.37
2018.04.03 07:27:00.615,0.69191,0.69208,1.00,1.87
2018.04.03 07:27:00.718,0.69192,0.6921,1.00,1.87
2018.04.03 07:27:01.354,0.69193,0.69211,1.00,1.57
2018.04.03 07:27:01.873,0.69193,0.69209,1.00,1.00
2018.04.03 07:27:03.190,0.69193,0.69209,1.00,1.37
2018.04.03 07:27:04.839,0.69193,0.6921,1.00,1.37
2018.04.03 07:27:05.352,0.69192,0.6921,1.50,1.37
2018.04.03 07:27:08.790,0.69193,0.6921,1.00,1.37
2018.04.03 07:27:09.044,0.69194,0.69212,1.50,1.87
2018.04.03 07:27:09.593,0.69195,0.69212,1.00,1.87
2018.04.03 07:27:10.208,0.69193,0.69211,1.00,1.12
2018.04.03 07:27:10.362,0.69194,0.69209,1.00,1.00
2018.04.03 07:27:11.012,0.69193,0.69209,1.00,1.87
2018.04.03 07:27:11.253,0.69191,0.69209,1.00,1.87
2018.04.03 07:27:11.304,0.69191,0.69209,1.00,2.25
2018.04.03 07:27:11.743,0.69194,0.69211,1.00,1.87
2018.04.03 07:27:11.844,0.69198,0.69215,1.00,1.85
2018.04.03 07:27:11.945,0.69198,0.69215,1.00,1.12
2018.04.03 07:27:12.486,0.69198,0.69216,1.00,1.00
2018.04.03 07:27:12.624,0.69198,0.69214,1.00,1.00
2018.04.03 07:27:13.272,0.69196,0.69214,1.87,1.00
2018.04.03 07:27:13.833,0.69198,0.69214,1.00,1.00
2018.04.03 07:27:14.536,0.69197,0.69213,1.00,1.00
2018.04.03 07:27:15.625,0.69195,0.69213,1.00,1.00
2018.04.03 07:27:15.676,0.69196,0.69211,1.00,1.00
2018.04.03 07:27:18.379,0.69195,0.69213,1.00,1.00
2018.04.03 07:27:19.012,0.69194,0.69212,1.12,1.00
2018.04.03 07:27:21.591,0.69194,0.69212,1.00,1.37
2018.04.03 07:27:22.192,0.69196,0.69212,1.00,1.37
2018.04.03 07:27:22.924,0.69196,0.69212,1.00,1.00
2018.04.03 07:27:26.013,0.69198,0.69213,1.00,1.00
2018.04.03 07:27:26.542,0.69197,0.69213,1.00,1.00
2018.04.03 07:27:27.997,0.69195,0.69213,1.12,1.00
2018.04.03 07:27:37.912,0.69196,0.69214,1.00,1.12
2018.04.03 07:27:39.931,0.69195,0.69213,1.87,1.00
2018.04.03 07:27:40.433,0.69194,0.69212,1.87,1.00
2018.04.03 07:27:40.884,0.69194,0.6921,1.12,1.00
2018.04.03 07:27:41.566,0.69194,0.69209,1.00,1.00
2018.04.03 07:27:44.165,0.69193,0.69209,1.50,1.00
2018.04.03 07:27:51.417,0.69191,0.69209,1.00,1.00
2018.04.03 07:27:51.850,0.6919,0.69206,1.50,1.00
2018.04.03 07:27:52.996,0.6919,0.69208,1.00,1.87
2018.04.03 07:27:54.308,0.69191,0.69209,1.00,2.10
2018.04.03 07:27:55.045,0.6919,0.69208,1.00,1.00
2018.04.03 07:27:55.581,0.6919,0.69207,1.00,1.00
2018.04.03 07:27:55.887,0.6919,0.69205,1.00,1.00
2018.04.03 07:27:56.096,0.6919,0.69207,1.00,1.00
2018.04.03 07:27:56.805,0.69191,0.69207,1.00,1.00
2018.04.03 07:27:56.856,0.69189,0.69207,1.57,1.00
2018.04.03 07:27:58.299,0.6919,0.69207,1.00,1.00
2018.04.03 07:27:59.087,0.69191,0.69207,1.00,1.00
2018.04.03 07:28:00.126,0.69192,0.69207,1.00,1.00
2018.04.03 07:28:00.178,0.69192,0.6921,1.00,1.50
2018.04.03 07:28:01.679,0.69192,0.69209,1.87,1.00
2018.04.03 07:28:01.932,0.6919,0.69208,1.87,1.00
2018.04.03 07:28:02.138,0.69189,0.69206,1.00,1.00
2018.04.03 07:28:02.442,0.69187,0.69205,2.32,1.00
2018.04.03 07:28:08.553,0.69188,0.69205,1.00,1.00
2018.04.03 07:28:09.162,0.69188,0.69204,1.10,1.00
2018.04.03 07:28:10.141,0.69187,0.69204,1.87,1.00
2018.04.03 07:28:11.381,0.69189,0.69204,1.00,1.00
2018.04.03 07:28:13.770,0.69188,0.69206,1.00,1.87
2018.04.03 07:28:13.825,0.6919,0.69206,1.00,1.12
2018.04.03 07:28:14.426,0.69189,0.69206,1.00,1.37
2018.04.03 07:28:14.968,0.69188,0.69206,1.87,1.87
2018.04.03 07:28:17.503,0.69188,0.69204,1.50,1.00
2018.04.03 07:28:18.065,0.69188,0.69205,1.00,1.12
2018.04.03 07:28:18.635,0.69187,0.69205,1.87,1.12
2018.04.03 07:28:21.604,0.69187,0.69203,1.12,1.00
2018.04.03 07:28:21.706,0.69184,0.69201,1.00,1.00
2018.04.03 07:28:22.372,0.69184,0.69202,1.87,1.12
2018.04.03 07:28:24.718,0.69184,0.692,1.50,1.00
2018.04.03 07:28:25.428,0.69185,0.692,1.50,1.00
2018.04.03 07:28:26.622,0.69184,0.692,1.00,1.00
2018.04.03 07:28:27.189,0.69185,0.69201,1.00,1.00
2018.04.03 07:28:28.637,0.69184,0.692,1.00,1.00
2018.04.03 07:28:36.497,0.69184,0.69199,1.00,1.00
2018.04.03 07:28:36.548,0.69182,0.69199,1.12,1.37
2018.04.03 07:28:36.599,0.69184,0.69199,1.00,1.87
2018.04.03 07:28:36.804,0.69182,0.69198,1.12,1.00
2018.04.03 07:28:37.346,0.69183,0.692,1.12,1.87
2018.04.03 07:28:38.275,0.69183,0.692,1.87,1.50
2018.04.03 07:28:41.499,0.69182,0.692,1.50,1.00
2018.04.03 07:28:43.117,0.69184,0.69199,1.00,1.00
2018.04.03 07:28:43.642,0.69184,0.692,1.00,1.00
2018.04.03 07:28:44.921,0.69185,0.69201,1.00,1.87
2018.04.03 07:28:45.115,0.69183,0.69201,1.12,1.12
2018.04.03 07:28:45.167,0.69185,0.69201,1.00,1.12
2018.04.03 07:28:45.268,0.69183,0.69201,1.10,1.12
2018.04.03 07:28:45.369,0.69185,0.69201,1.00,1.12
2018.04.03 07:28:45.939,0.69184,0.69202,1.00,1.37
2018.04.03 07:28:47.056,0.69186,0.69203,1.00,1.87
2018.04.03 07:28:47.662,0.69185,0.69203,1.00,2.62
2018.04.03 07:28:48.321,0.69184,0.69202,1.12,1.37
2018.04.03 07:28:48.981,0.69185,0.69202,1.00,1.37
2018.04.03 07:28:50.087,0.69185,0.69202,1.00,1.12
2018.04.03 07:28:50.699,0.69186,0.69204,1.00,2.62
2018.04.03 07:28:53.151,0.69186,0.69201,1.00,1.00
2018.04.03 07:28:53.427,0.69184,0.69202,1.00,1.87
2018.04.03 07:28:54.259,0.69184,0.69202,1.00,1.87
2018.04.03 07:28:54.835,0.69184,0.692,1.00,1.00
2018.04.03 07:28:55.629,0.69184,0.69201,1.00,1.12
2018.04.03 07:28:59.505,0.69183,0.69201,1.00,1.12
2018.04.03 07:28:59.633,0.69184,0.69199,1.00,1.00
2018.04.03 07:28:59.721,0.69182,0.69198,1.00,1.12
2018.04.03 07:29:00.348,0.69183,0.692,1.00,1.37
2018.04.03 07:29:02.975,0.69183,0.692,1.00,1.37
2018.04.03 07:29:04.014,0.69183,0.69198,1.00,1.00
2018.04.03 07:29:05.869,0.69183,0.69199,1.00,1.12
2018.04.03 07:29:08.011,0.69184,0.69201,1.00,1.37
2018.04.03 07:29:08.113,0.69185,0.69202,1.00,1.87
2018.04.03 07:29:09.034,0.69184,0.69202,1.00,1.87
2018.04.03 07:29:09.830,0.69184,0.69201,1.00,1.00
2018.04.03 07:29:10.351,0.69183,0.69201,1.00,1.50
2018.04.03 07:29:10.403,0.69183,0.69201,1.00,1.87
2018.04.03 07:29:11.990,0.6918,0.69197,1.10,1.00
2018.04.03 07:29:12.636,0.69181,0.69197,1.00,1.87
2018.04.03 07:29:13.728,0.69179,0.69197,1.50,1.87
2018.04.03 07:29:13.831,0.69177,0.69194,1.37,1.00
2018.04.03 07:29:13.984,0.69176,0.69194,1.10,1.87
2018.04.03 07:29:14.509,0.69176,0.69194,1.00,1.75
2018.04.03 07:29:15.264,0.69177,0.69194,1.00,1.37
2018.04.03 07:29:15.848,0.69178,0.69194,1.00,1.37
2018.04.03 07:29:23.787,0.69176,0.69193,1.00,1.87
2018.04.03 07:29:24.467,0.69177,0.69194,1.00,1.87
2018.04.03 07:29:28.517,0.69179,0.69195,1.00,1.87
2018.04.03 07:29:28.619,0.69181,0.69198,1.12,1.87
2018.04.03 07:29:28.796,0.69183,0.69199,1.00,1.37
2018.04.03 07:29:29.810,0.69182,0.692,1.10,1.87
2018.04.03 07:29:30.692,0.69182,0.692,1.10,1.50
2018.04.03 07:29:31.769,0.69182,0.692,1.20,1.50
2018.04.03 07:29:32.689,0.69185,0.692,1.00,1.00
2018.04.03 07:29:33.225,0.69183,0.69201,1.10,1.50
2018.04.03 07:29:33.637,0.69182,0.692,1.00,1.87
2018.04.03 07:29:35.669,0.69181,0.69199,1.00,1.37
2018.04.03 07:29:36.317,0.69181,0.69199,1.07,1.37
2018.04.03 07:29:41.782,0.69181,0.69199,1.12,1.37
2018.04.03 07:29:43.231,0.69181,0.69199,1.20,1.37
2018.04.03 07:29:43.759,0.69181,0.69199,1.20,1.37
2018.04.03 07:29:44.160,0.69183,0.692,1.00,1.87
2018.04.03 07:29:44.830,0.69184,0.69201,1.00,2.62
2018.04.03 07:29:45.111,0.69184,0.69201,1.00,1.87
2018.04.03 07:29:45.651,0.69185,0.69203,1.00,3.37
2018.04.03 07:29:46.539,0.69182,0.692,1.10,1.12
2018.04.03 07:29:46.590,0.69182,0.69199,1.10,1.37
2018.04.03 07:29:47.146,0.69181,0.69199,1.00,1.87
2018.04.03 07:29:47.804,0.69181,0.69199,1.07,1.87
2018.04.03 07:29:48.442,0.69181,0.69199,1.00,1.87
2018.04.03 07:29:50.053,0.69181,0.69199,1.07,1.87
2018.04.03 07:29:50.198,0.69182,0.69201,1.10,1.37
2018.04.03 07:29:50.765,0.69182,0.69201,1.07,1.87
2018.04.03 07:29:51.118,0.6918,0.69201,1.57,2.62
2018.04.03 07:29:51.639,0.6918,0.69201,1.57,3.37
2018.04.03 07:29:54.533,0.6918,0.692,1.07,1.37
2018.04.03 07:29:54.635,0.6918,0.692,1.07,1.12
2018.04.03 07:29:55.141,0.69181,0.69201,1.07,1.37
2018.04.03 07:29:55.192,0.69181,0.692,1.07,1.87
2018.04.03 07:29:55.703,0.6918,0.692,1.07,1.12
2018.04.03 07:29:56.252,0.6918,0.692,1.07,1.87
2018.04.03 07:29:56.531,0.6918,0.692,1.07,1.37
2018.04.03 07:29:56.753,0.6918,0.692,1.07,1.37
2018.04.03 07:29:57.279,0.6918,0.69201,1.07,1.37
2018.04.03 07:29:59.379,0.6918,0.69201,1.20,1.37
2018.04.03 07:30:00.364,0.69181,0.69201,1.57,1.37
2018.04.03 07:30:00.900,0.69181,0.692,1.57,1.37
2018.04.03 07:30:01.538,0.69181,0.692,1.10,2.62
2018.04.03 07:30:02.535,0.69179,0.69199,1.57,1.87
2018.04.03 07:30:02.739,0.69179,0.69198,1.07,1.37
2018.04.03 07:30:03.155,0.69178,0.69198,1.57,1.12
2018.04.03 07:30:03.311,0.69178,0.69198,1.57,1.37
2018.04.03 07:30:03.842,0.69178,0.69198,1.57,1.37
2018.04.03 07:30:04.925,0.69177,0.69198,1.07,1.87
2018.04.03 07:30:05.198,0.69177,0.69198,1.10,3.37
2018.04.03 07:30:05.724,0.69177,0.69198,1.07,3.37
2018.04.03 07:30:06.232,0.69178,0.69199,1.07,2.62
2018.04.03 07:30:06.395,0.6918,0.692,1.07,2.62
2018.04.03 07:30:06.446,0.6918,0.692,1.07,2.62
2018.04.03 07:30:07.007,0.6918,0.692,1.10,1.87
2018.04.03 07:30:07.059,0.69176,0.69197,1.07,1.87
2018.04.03 07:30:07.263,0.69173,0.69195,1.57,3.37
2018.04.03 07:30:07.828,0.69174,0.69195,1.20,2.62
2018.04.03 07:30:08.313,0.69177,0.69197,1.57,2.62
2018.04.03 07:30:08.858,0.69176,0.69197,1.07,1.50
2018.04.03 07:30:09.174,0.69174,0.69194,1.10,2.62
2018.04.03 07:30:09.479,0.69177,0.69193,1.00,1.37
2018.04.03 07:30:10.089,0.69176,0.69192,1.00,1.12
2018.04.03 07:30:10.411,0.69174,0.69192,1.10,1.87
2018.04.03 07:30:10.994,0.69173,0.69191,1.50,1.37
2018.04.03 07:30:12.213,0.69175,0.69191,1.00,1.37
2018.04.03 07:30:12.825,0.69175,0.69191,1.00,1.00
2018.04.03 07:30:14.769,0.69175,0.69192,1.00,1.00
2018.04.03 07:30:15.092,0.69175,0.69192,1.00,1.37
2018.04.03 07:30:15.455,0.69175,0.69192,1.20,1.00
2018.04.03 07:30:16.052,0.69175,0.69193,1.87,1.12
2018.04.03 07:30:16.925,0.69175,0.69193,1.50,1.50
2018.04.03 07:30:17.599,0.69176,0.69193,1.00,1.50
2018.04.03 07:30:18.133,0.69175,0.69192,1.87,1.50
2018.04.03 07:30:18.670,0.69176,0.69193,1.00,3.00
2018.04.03 07:30:20.216,0.69176,0.69192,3.00,1.00
2018.04.03 07:30:20.946,0.69176,0.69193,3.00,1.00
2018.04.03 07:30:21.601,0.69176,0.69193,1.00,1.00
2018.04.03 07:30:22.591,0.69179,0.69193,2.25,1.00
2018.04.03 07:30:22.743,0.6918,0.69197,1.87,1.87
2018.04.03 07:30:22.896,0.69182,0.69198,1.00,1.50
2018.04.03 07:30:22.947,0.69182,0.69198,1.50,1.12
2018.04.03 07:30:23.480,0.69182,0.69199,1.00,1.00
2018.04.03 07:30:23.531,0.69181,0.69199,1.57,1.50
2018.04.03 07:30:23.889,0.69185,0.69199,1.00,1.37
2018.04.03 07:30:23.995,0.69185,0.69201,1.00,1.37
2018.04.03 07:30:24.401,0.69185,0.69201,1.00,1.37
2018.04.03 07:30:24.932,0.69185,0.69201,1.37,1.87
2018.04.03 07:30:25.921,0.69185,0.692,2.25,1.37
2018.04.03 07:30:26.330,0.69186,0.69204,2.25,2.62
2018.04.03 07:30:26.872,0.69187,0.69204,3.00,1.37
2018.04.03 07:30:27.871,0.69188,0.69204,2.25,1.37
2018.04.03 07:30:28.000,0.69188,0.69204,2.25,1.12
2018.04.03 07:30:29.255,0.69189,0.69205,1.00,2.25
2018.04.03 07:30:30.197,0.69188,0.69205,1.00,2.25
2018.04.03 07:30:30.366,0.6919,0.69205,1.00,2.25
2018.04.03 07:30:30.468,0.6919,0.69205,1.00,1.50
2018.04.03 07:30:30.522,0.6919,0.69205,1.00,1.50
2018.04.03 07:30:31.276,0.69188,0.69205,1.00,3.00
2018.04.03 07:30:32.109,0.6919,0.69205,1.00,3.00
2018.04.03 07:30:33.109,0.69188,0.69205,1.12,3.00
2018.04.03 07:30:34.626,0.69189,0.69205,1.57,1.87
2018.04.03 07:30:34.728,0.6919,0.69205,1.20,1.87
2018.04.03 07:30:34.842,0.69191,0.69205,1.10,1.50
2018.04.03 07:30:35.183,0.69192,0.69209,1.57,1.37
2018.04.03 07:30:35.690,0.69192,0.6921,1.57,3.00
2018.04.03 07:30:36.198,0.69192,0.6921,1.50,3.00
2018.04.03 07:30:36.747,0.69193,0.6921,1.12,2.25
2018.04.03 07:30:38.125,0.69192,0.6921,1.50,3.00
2018.04.03 07:30:38.177,0.69191,0.69207,1.12,1.37
2018.04.03 07:30:38.382,0.69188,0.69205,1.87,1.37
2018.04.03 07:30:39.249,0.69189,0.69205,1.00,1.37
2018.04.03 07:30:39.738,0.69189,0.69205,1.00,1.12
2018.04.03 07:30:40.875,0.69188,0.69205,1.00,1.12
2018.04.03 07:30:40.926,0.69186,0.69203,1.57,1.00
2018.04.03 07:30:41.294,0.69186,0.69202,1.00,1.37
2018.04.03 07:30:41.738,0.69184,0.69201,1.50,1.00
2018.04.03 07:30:41.839,0.69184,0.69202,1.00,1.75
2018.04.03 07:30:41.992,0.69185,0.69202,1.50,1.50
