2014.07.14 14:00:00.277,0.78522,0.78543,1.50,1.00
2014.07.14 14:00:00.833,0.78525,0.78543,1.00,1.00
2014.07.14 14:00:01.380,0.78524,0.78543,1.00,1.00
2014.07.14 14:00:04.353,0.78521,0.78543,1.50,1.00
2014.07.14 14:00:04.462,0.78521,0.7854,1.50,1.00
2014.07.14 14:00:04.623,0.78519,0.7854,1.00,1.00
2014.07.14 14:00:05.228,0.7852,0.78541,1.50,1.00
2014.07.14 14:00:06.586,0.78519,0.78541,2.25,1.00
2014.07.14 14:00:07.088,0.78519,0.78544,2.25,1.73
2014.07.14 14:00:07.638,0.7852,0.78542,1.50,1.35
2014.07.14 14:00:08.155,0.78519,0.78543,2.25,1.60
2014.07.14 14:00:08.671,0.78519,0.78541,1.00,1.00
2014.07.14 14:00:09.643,0.78519,0.7854,1.00,1.00
2014.07.14 14:00:11.497,0.78519,0.78541,1.00,1.00
2014.07.14 14:00:13.478,0.78519,0.78542,1.00,1.35
2014.07.14 14:00:13.942,0.78516,0.78541,1.88,1.00
2014.07.14 14:00:14.359,0.78516,0.78539,1.50,1.00
2014.07.14 14:00:14.669,0.78519,0.7854,1.00,1.00
2014.07.14 14:00:14.770,0.78517,0.7854,1.50,1.00
2014.07.14 14:00:14.879,0.7852,0.7854,1.00,1.00
2014.07.14 14:00:14.930,0.7852,0.78542,1.00,1.30
2014.07.14 14:00:15.540,0.78519,0.78543,2.25,1.60
2014.07.14 14:00:17.087,0.7852,0.78544,2.25,1.60
2014.07.14 14:00:17.564,0.78522,0.78545,1.50,2.85
2014.07.14 14:00:17.705,0.78519,0.78544,2.25,1.60
2014.07.14 14:00:18.878,0.7852,0.78544,1.50,1.60
2014.07.14 14:00:19.097,0.78522,0.78544,1.50,1.60
2014.07.14 14:00:19.826,0.78522,0.78544,1.50,1.00
2014.07.14 14:00:20.349,0.78521,0.78543,1.50,1.00
2014.07.14 14:00:20.608,0.78519,0.78545,1.00,1.38
2014.07.14 14:00:20.838,0.78517,0.78541,1.00,1.13
2014.07.14 14:00:20.994,0.78515,0.78541,1.50,1.88
2014.07.14 14:00:21.045,0.78515,0.78541,1.50,1.88
2014.07.14 14:00:21.558,0.7852,0.78541,1.00,1.38
2014.07.14 14:00:21.717,0.7852,0.78541,1.00,1.00
2014.07.14 14:00:22.112,0.78517,0.7854,1.50,1.00
2014.07.14 14:00:23.267,0.7852,0.7854,1.50,1.00
2014.07.14 14:00:23.318,0.7852,0.78542,2.25,1.35
2014.07.14 14:00:24.309,0.78524,0.78542,1.00,1.35
2014.07.14 14:00:24.921,0.78524,0.78544,1.00,1.38
2014.07.14 14:00:25.224,0.78519,0.78541,1.00,1.00
2014.07.14 14:00:25.849,0.7852,0.7854,1.00,1.00
2014.07.14 14:00:26.337,0.78524,0.78544,1.00,1.00
2014.07.14 14:00:26.901,0.78525,0.78545,1.00,1.50
2014.07.14 14:00:27.152,0.78519,0.78541,1.00,1.00
2014.07.14 14:00:27.589,0.78516,0.7854,1.50,1.00
2014.07.14 14:00:28.550,0.78515,0.7854,1.50,1.88
2014.07.14 14:00:28.711,0.78515,0.7854,1.00,1.38
2014.07.14 14:00:29.630,0.78514,0.78538,1.00,1.13
2014.07.14 14:00:31.633,0.78514,0.78538,1.00,1.38
2014.07.14 14:00:31.684,0.78511,0.78536,2.25,1.00
2014.07.14 14:00:32.976,0.78515,0.78537,1.00,1.13
2014.07.14 14:00:33.521,0.78514,0.78537,1.00,1.13
2014.07.14 14:00:34.286,0.78515,0.78537,1.00,1.13
2014.07.14 14:00:34.508,0.78511,0.78536,1.50,1.00
2014.07.14 14:00:40.250,0.78511,0.78535,1.50,1.00
2014.07.14 14:00:43.957,0.7851,0.78535,3.00,1.00
2014.07.14 14:00:46.369,0.7851,0.78536,2.25,1.00
2014.07.14 14:00:48.797,0.78511,0.78536,1.50,1.00
2014.07.14 14:00:51.512,0.78511,0.78535,1.50,1.00
2014.07.14 14:00:52.492,0.78511,0.78536,1.50,1.50
2014.07.14 14:00:53.763,0.78511,0.78536,1.50,1.88
2014.07.14 14:00:54.375,0.7851,0.78536,1.50,1.88
2014.07.14 14:00:57.836,0.78512,0.78536,1.50,1.88
2014.07.14 14:00:58.167,0.78515,0.78535,1.00,1.38
2014.07.14 14:00:58.685,0.78515,0.78535,1.00,1.00
2014.07.14 14:01:00.187,0.78514,0.78536,1.00,1.00
2014.07.14 14:01:02.458,0.78515,0.78535,1.00,1.00
2014.07.14 14:01:02.760,0.7852,0.78539,1.00,1.38
2014.07.14 14:01:02.861,0.78514,0.78539,1.00,1.38
2014.07.14 14:01:02.911,0.78514,0.78539,1.00,1.38
2014.07.14 14:01:03.452,0.78514,0.78535,1.00,1.00
2014.07.14 14:01:04.570,0.78511,0.78535,1.50,1.88
2014.07.14 14:01:05.650,0.7851,0.78535,1.00,1.88
2014.07.14 14:01:06.072,0.78509,0.78532,2.25,1.00
2014.07.14 14:01:07.736,0.78511,0.78532,1.50,1.00
2014.07.14 14:01:10.148,0.78511,0.78533,1.50,1.00
2014.07.14 14:01:10.625,0.78514,0.78533,1.00,1.00
2014.07.14 14:01:11.226,0.78514,0.78532,1.00,1.00
2014.07.14 14:01:11.412,0.78509,0.78531,2.25,1.00
2014.07.14 14:01:14.800,0.7851,0.7853,1.00,1.00
2014.07.14 14:01:16.007,0.7851,0.78531,1.50,1.50
2014.07.14 14:01:16.858,0.78509,0.78531,1.00,1.50
2014.07.14 14:01:17.376,0.78514,0.7853,1.00,1.00
2014.07.14 14:01:17.527,0.78514,0.78533,1.00,1.00
2014.07.14 14:01:17.828,0.78513,0.78531,1.50,1.00
2014.07.14 14:01:18.046,0.78513,0.78533,1.50,1.00
2014.07.14 14:01:18.601,0.78514,0.78533,1.00,1.00
2014.07.14 14:01:19.369,0.78513,0.78533,1.50,1.00
2014.07.14 14:01:19.500,0.78511,0.78533,1.50,1.00
2014.07.14 14:01:20.795,0.78512,0.78532,1.50,1.00
2014.07.14 14:01:23.511,0.78513,0.78532,1.50,1.00
2014.07.14 14:01:24.100,0.78513,0.78531,1.50,1.00
2014.07.14 14:01:27.033,0.78511,0.78531,1.50,1.00
2014.07.14 14:01:27.247,0.78513,0.78531,1.50,1.00
2014.07.14 14:01:27.908,0.78512,0.78531,1.50,1.00
2014.07.14 14:01:29.382,0.78514,0.78531,1.50,1.00
2014.07.14 14:01:29.556,0.7851,0.78531,1.50,1.00
2014.07.14 14:01:31.867,0.78511,0.78531,1.50,1.00
2014.07.14 14:01:34.946,0.78512,0.78531,1.50,1.00
2014.07.14 14:01:38.181,0.78515,0.78531,1.00,1.00
2014.07.14 14:01:38.410,0.78513,0.78531,1.50,1.00
2014.07.14 14:01:38.690,0.7851,0.78531,1.50,1.00
2014.07.14 14:01:40.775,0.78512,0.78531,1.50,1.00
2014.07.14 14:01:41.767,0.78509,0.78531,1.13,1.00
2014.07.14 14:01:41.938,0.7851,0.78533,1.00,1.00
2014.07.14 14:01:42.685,0.78511,0.78532,1.50,1.00
2014.07.14 14:01:43.416,0.78513,0.78532,1.50,1.00
2014.07.14 14:01:44.966,0.78511,0.78532,1.50,1.00
2014.07.14 14:01:45.726,0.78513,0.78532,1.50,1.00
2014.07.14 14:01:46.894,0.78513,0.78533,1.50,1.00
2014.07.14 14:01:47.489,0.78515,0.78533,1.00,1.00
2014.07.14 14:01:48.075,0.78514,0.78532,1.00,1.00
2014.07.14 14:01:48.916,0.78515,0.78532,1.00,1.00
2014.07.14 14:01:49.909,0.78514,0.78532,1.00,1.00
2014.07.14 14:01:50.298,0.78514,0.78534,1.00,1.00
2014.07.14 14:01:50.567,0.78519,0.78534,1.00,1.00
2014.07.14 14:01:52.435,0.78519,0.78535,1.00,1.00
2014.07.14 14:01:54.527,0.78514,0.78535,1.00,1.00
2014.07.14 14:01:55.295,0.78515,0.78535,1.00,1.50
2014.07.14 14:01:57.481,0.78519,0.78535,1.00,1.00
2014.07.14 14:01:57.667,0.78515,0.78535,1.00,1.50
2014.07.14 14:01:59.362,0.78514,0.78535,1.00,1.00
2014.07.14 14:01:59.540,0.78519,0.78535,1.00,1.00
2014.07.14 14:01:59.757,0.78514,0.78535,1.00,1.00
2014.07.14 14:02:06.028,0.78514,0.78536,1.00,1.50
2014.07.14 14:02:06.179,0.7852,0.78536,1.00,1.00
2014.07.14 14:02:06.934,0.78519,0.78537,1.00,1.00
2014.07.14 14:02:09.395,0.78519,0.78539,1.00,1.00
2014.07.14 14:02:16.255,0.78515,0.78535,1.00,1.00
2014.07.14 14:02:23.298,0.7852,0.78539,1.00,1.00
2014.07.14 14:02:27.586,0.78519,0.78539,1.00,1.00
2014.07.14 14:02:30.510,0.7852,0.78539,1.00,1.00
2014.07.14 14:02:31.419,0.78519,0.78539,1.00,1.00
2014.07.14 14:02:31.504,0.78519,0.78541,1.00,1.50
2014.07.14 14:02:32.264,0.78519,0.7854,1.00,1.13
2014.07.14 14:02:35.144,0.7852,0.7854,1.00,1.88
2014.07.14 14:02:39.560,0.7852,0.78538,1.00,1.00
2014.07.14 14:02:44.637,0.7852,0.7854,1.00,1.88
2014.07.14 14:02:49.115,0.78519,0.78541,1.00,1.88
2014.07.14 14:02:49.764,0.78519,0.78541,1.00,1.50
2014.07.14 14:02:54.164,0.78519,0.7854,1.00,1.00
2014.07.14 14:02:56.363,0.78519,0.78541,1.00,1.50
2014.07.14 14:02:57.683,0.78519,0.7854,1.00,1.00
2014.07.14 14:02:58.822,0.78519,0.78541,1.00,1.50
2014.07.14 14:03:03.089,0.78524,0.78541,1.00,1.00
2014.07.14 14:03:04.063,0.78524,0.78539,1.00,1.00
2014.07.14 14:03:04.586,0.78524,0.7854,1.00,1.00
2014.07.14 14:03:06.387,0.7852,0.7854,1.00,1.50
2014.07.14 14:03:06.498,0.78524,0.7854,1.00,1.00
2014.07.14 14:03:06.718,0.78519,0.7854,1.00,1.00
2014.07.14 14:03:07.106,0.78524,0.7854,1.00,1.00
2014.07.14 14:03:07.663,0.78524,0.78541,1.00,1.00
2014.07.14 14:03:14.750,0.78524,0.78542,1.00,1.00
2014.07.14 14:03:15.135,0.78524,0.7854,1.00,1.00
2014.07.14 14:03:15.414,0.78525,0.78542,1.00,1.00
2014.07.14 14:03:16.392,0.78525,0.78544,1.00,1.60
2014.07.14 14:03:17.229,0.78524,0.78544,1.00,1.60
2014.07.14 14:03:18.330,0.78525,0.78544,1.00,1.60
2014.07.14 14:03:20.863,0.78525,0.78542,1.00,1.00
2014.07.14 14:03:23.853,0.78525,0.78543,1.00,1.35
2014.07.14 14:03:25.163,0.78525,0.78543,1.00,1.73
2014.07.14 14:03:25.364,0.78519,0.78541,1.00,1.00
2014.07.14 14:03:27.784,0.7852,0.7854,1.00,1.00
2014.07.14 14:03:32.845,0.78519,0.78541,1.00,1.00
2014.07.14 14:03:36.915,0.7852,0.7854,1.00,1.00
2014.07.14 14:03:38.344,0.78519,0.78541,1.00,1.00
2014.07.14 14:03:54.155,0.78521,0.78545,1.50,1.88
2014.07.14 14:03:55.268,0.78522,0.78545,1.50,1.13
2014.07.14 14:03:58.973,0.7852,0.78546,2.25,1.38
2014.07.14 14:04:00.454,0.7852,0.78541,1.00,1.00
2014.07.14 14:04:00.555,0.7852,0.78545,1.00,1.88
2014.07.14 14:04:02.125,0.78519,0.78546,3.00,1.88
2014.07.14 14:04:04.668,0.7852,0.78546,1.50,1.88
2014.07.14 14:04:16.237,0.78519,0.78546,1.50,1.88
2014.07.14 14:04:16.288,0.78519,0.78541,1.00,1.00
2014.07.14 14:04:16.428,0.78516,0.78541,2.63,1.00
2014.07.14 14:04:16.645,0.78518,0.78541,1.00,1.00
2014.07.14 14:04:17.019,0.7852,0.78545,1.00,1.88
2014.07.14 14:04:17.185,0.78518,0.78541,1.00,1.00
2014.07.14 14:04:17.802,0.78519,0.78542,1.00,1.30
2014.07.14 14:04:28.482,0.78517,0.78541,1.00,1.00
2014.07.14 14:04:30.577,0.78519,0.78542,1.00,1.30
2014.07.14 14:04:31.566,0.78519,0.78545,1.50,1.38
2014.07.14 14:04:32.292,0.78519,0.78541,1.00,1.00
2014.07.14 14:04:33.327,0.7852,0.78545,1.00,1.88
2014.07.14 14:04:33.866,0.78519,0.78546,1.50,1.88
2014.07.14 14:04:34.124,0.78518,0.78541,1.00,1.00
2014.07.14 14:04:34.361,0.78516,0.78541,1.13,1.00
2014.07.14 14:04:34.463,0.78518,0.78541,1.00,1.00
2014.07.14 14:04:35.232,0.78516,0.78541,1.00,1.00
2014.07.14 14:04:35.814,0.78517,0.78541,1.00,1.00
2014.07.14 14:04:39.743,0.78519,0.78541,1.00,1.00
2014.07.14 14:04:39.956,0.78519,0.78544,3.00,1.13
2014.07.14 14:04:42.292,0.7852,0.78545,1.50,1.73
2014.07.14 14:05:32.543,0.7852,0.78546,1.00,1.13
2014.07.14 14:05:46.834,0.7852,0.78545,1.00,1.00
2014.07.14 14:05:49.033,0.78524,0.78551,1.00,3.60
2014.07.14 14:05:55.743,0.78525,0.78548,1.00,1.73
2014.07.14 14:06:02.433,0.78525,0.78545,1.00,1.00
2014.07.14 14:06:06.053,0.78524,0.78549,1.00,1.98
2014.07.14 14:06:17.589,0.78524,0.78547,1.00,1.13
2014.07.14 14:06:20.131,0.78525,0.78547,1.00,1.13
2014.07.14 14:06:30.462,0.78524,0.78547,1.00,1.13
2014.07.14 14:06:33.872,0.78525,0.78547,1.00,1.13
2014.07.14 14:07:00.171,0.78525,0.78546,1.00,1.00
2014.07.14 14:07:00.994,0.78524,0.78546,1.00,1.00
2014.07.14 14:07:01.616,0.78525,0.78546,1.00,1.00
2014.07.14 14:07:03.132,0.78524,0.78546,2.25,1.00
2014.07.14 14:07:13.580,0.78525,0.78546,1.00,1.13
2014.07.14 14:07:17.402,0.78524,0.78546,2.25,1.13
2014.07.14 14:07:28.401,0.78525,0.78546,1.00,1.13
2014.07.14 14:07:32.691,0.78524,0.78546,2.25,1.00
2014.07.14 14:07:36.541,0.78529,0.7855,1.00,1.38
2014.07.14 14:07:36.679,0.78525,0.78545,1.00,1.00
2014.07.14 14:07:36.762,0.78529,0.7855,1.00,1.38
2014.07.14 14:07:49.171,0.78529,0.7855,1.00,1.38
2014.07.14 14:08:04.460,0.7853,0.7855,1.00,1.88
2014.07.14 14:08:11.831,0.78529,0.7855,1.00,1.38
2014.07.14 14:08:25.769,0.78529,0.7855,1.00,1.00
2014.07.14 14:08:26.319,0.7853,0.78551,1.50,1.13
2014.07.14 14:08:29.870,0.7853,0.7855,2.25,1.00
2014.07.14 14:08:30.390,0.78529,0.78551,1.00,1.00
2014.07.14 14:08:31.409,0.7853,0.78551,1.50,1.13
2014.07.14 14:08:31.954,0.78529,0.78551,1.00,1.00
2014.07.14 14:08:32.951,0.78534,0.78553,1.00,1.38
2014.07.14 14:08:34.600,0.78529,0.78551,1.00,1.00
2014.07.14 14:08:35.390,0.7853,0.7855,1.00,1.00
2014.07.14 14:08:36.329,0.78529,0.78551,1.00,1.00
2014.07.14 14:08:36.491,0.78535,0.78553,1.00,1.38
2014.07.14 14:08:36.799,0.78529,0.78551,1.00,1.00
2014.07.14 14:08:37.020,0.78534,0.78553,1.00,1.38
2014.07.14 14:08:37.241,0.78529,0.78551,1.00,1.00
2014.07.14 14:08:37.349,0.78534,0.78553,1.00,1.38
2014.07.14 14:08:37.461,0.78529,0.78551,1.00,1.00
2014.07.14 14:08:37.681,0.78534,0.78553,1.00,1.38
2014.07.14 14:08:37.900,0.7853,0.7855,1.00,1.00
2014.07.14 14:08:38.419,0.7853,0.78551,1.50,1.00
2014.07.14 14:08:39.329,0.78534,0.78553,1.00,1.38
2014.07.14 14:08:42.319,0.7853,0.7855,1.00,1.00
2014.07.14 14:08:46.390,0.78534,0.78553,1.00,1.38
2014.07.14 14:08:47.035,0.78535,0.78555,1.00,1.73
2014.07.14 14:08:47.571,0.78534,0.78556,1.00,2.48
2014.07.14 14:08:49.012,0.78534,0.78554,1.00,1.38
2014.07.14 14:08:50.252,0.78534,0.78554,1.00,1.38
2014.07.14 14:08:50.781,0.78534,0.78555,1.00,1.73
2014.07.14 14:08:51.974,0.78535,0.78555,1.00,2.48
2014.07.14 14:08:53.056,0.78535,0.78555,1.00,2.10
2014.07.14 14:08:53.790,0.78535,0.78554,1.00,1.00
2014.07.14 14:08:54.339,0.78534,0.78556,1.00,2.48
2014.07.14 14:09:02.199,0.78535,0.78555,1.00,1.50
2014.07.14 14:09:04.891,0.78534,0.78555,1.00,1.00
2014.07.14 14:09:05.637,0.78535,0.78554,1.00,1.13
2014.07.14 14:09:08.057,0.78534,0.78554,1.00,1.13
2014.07.14 14:09:13.939,0.78535,0.78554,1.00,1.13
2014.07.14 14:09:14.599,0.78534,0.78554,1.00,1.13
2014.07.14 14:09:15.699,0.78535,0.78554,1.00,1.13
2014.07.14 14:09:15.799,0.78535,0.78553,1.00,1.38
2014.07.14 14:09:16.179,0.78535,0.78553,1.00,1.38
2014.07.14 14:09:16.371,0.78529,0.78551,1.00,1.38
2014.07.14 14:09:16.681,0.78529,0.78552,1.00,3.60
2014.07.14 14:09:16.983,0.78529,0.78547,1.00,1.98
2014.07.14 14:09:17.284,0.78529,0.78546,1.00,1.35
2014.07.14 14:09:17.385,0.78524,0.78546,1.00,2.10
2014.07.14 14:09:17.680,0.78529,0.78545,1.00,1.73
2014.07.14 14:09:17.899,0.78525,0.78545,1.00,2.48
2014.07.14 14:09:18.778,0.78524,0.78545,1.00,1.73
2014.07.14 14:09:21.861,0.78525,0.78545,1.00,2.48
2014.07.14 14:09:23.399,0.78524,0.78545,1.00,1.73
2014.07.14 14:09:24.611,0.78525,0.78545,1.00,2.48
2014.07.14 14:09:27.472,0.78524,0.78542,1.00,1.38
2014.07.14 14:09:29.583,0.78529,0.78544,1.00,1.13
2014.07.14 14:09:29.785,0.78524,0.78544,1.00,1.13
2014.07.14 14:09:31.220,0.78529,0.78544,1.00,1.13
2014.07.14 14:09:36.284,0.78525,0.78545,1.00,2.48
2014.07.14 14:09:36.385,0.7853,0.78545,1.00,1.73
2014.07.14 14:09:37.081,0.78529,0.78544,1.00,1.13
2014.07.14 14:09:38.118,0.78529,0.78547,1.00,1.00
2014.07.14 14:09:40.373,0.7853,0.78547,1.00,1.00
2014.07.14 14:09:41.728,0.7853,0.78546,1.00,1.00
2014.07.14 14:09:43.518,0.78529,0.78546,1.00,1.38
2014.07.14 14:09:48.014,0.7853,0.78546,1.00,1.38
2014.07.14 14:09:48.273,0.78524,0.78545,1.00,1.38
2014.07.14 14:09:49.003,0.78525,0.78544,1.00,1.38
2014.07.14 14:09:49.446,0.78529,0.78544,1.00,1.13
2014.07.14 14:09:49.660,0.78524,0.78545,1.00,1.38
2014.07.14 14:09:52.125,0.78529,0.78545,1.00,1.38
2014.07.14 14:09:54.718,0.78524,0.78545,1.00,1.38
2014.07.14 14:10:00.259,0.78529,0.78545,1.00,1.38
2014.07.14 14:10:01.088,0.7853,0.78545,1.00,1.38
2014.07.14 14:10:01.649,0.78529,0.78545,1.00,1.38
2014.07.14 14:10:05.168,0.7853,0.78545,1.00,1.38
2014.07.14 14:10:08.838,0.78524,0.78545,1.00,1.38
2014.07.14 14:10:09.376,0.78529,0.78545,1.00,1.38
2014.07.14 14:10:10.655,0.78529,0.78546,1.00,1.35
2014.07.14 14:10:11.409,0.78524,0.78546,1.00,2.10
2014.07.14 14:10:11.676,0.78529,0.78546,1.00,1.35
2014.07.14 14:10:11.848,0.78525,0.78545,1.00,1.00
2014.07.14 14:10:12.730,0.78529,0.78546,1.00,1.35
2014.07.14 14:10:20.993,0.78524,0.78546,1.00,2.10
2014.07.14 14:10:21.091,0.78529,0.78546,1.00,1.35
2014.07.14 14:10:23.111,0.78529,0.78547,1.00,1.13
2014.07.14 14:10:23.649,0.78529,0.78549,1.00,1.38
2014.07.14 14:10:24.272,0.78529,0.78551,1.00,1.73
2014.07.14 14:10:24.817,0.7853,0.78551,1.00,1.73
2014.07.14 14:10:27.959,0.78529,0.7855,1.00,1.35
2014.07.14 14:10:32.088,0.7853,0.78549,1.00,1.00
2014.07.14 14:10:32.795,0.7853,0.78551,1.00,1.73
2014.07.14 14:10:33.754,0.78529,0.7855,1.00,1.35
2014.07.14 14:10:38.031,0.7853,0.7855,1.00,1.35
2014.07.14 14:10:38.358,0.78535,0.7855,1.00,1.35
2014.07.14 14:10:42.067,0.78535,0.78549,1.00,1.00
2014.07.14 14:10:47.628,0.78535,0.7855,1.00,1.35
2014.07.14 14:10:53.227,0.78535,0.78551,1.00,1.00
2014.07.14 14:10:54.465,0.78535,0.78553,1.00,1.35
2014.07.14 14:10:54.641,0.78539,0.78553,1.00,1.00
2014.07.14 14:10:55.106,0.78534,0.78554,1.00,1.60
2014.07.14 14:11:03.572,0.78534,0.78553,1.00,1.73
2014.07.14 14:11:04.128,0.78534,0.78549,1.00,1.00
2014.07.14 14:11:05.089,0.7853,0.78549,1.00,1.00
2014.07.14 14:11:08.149,0.78534,0.78549,1.00,1.00
2014.07.14 14:11:08.678,0.78534,0.7855,1.00,1.00
2014.07.14 14:11:11.342,0.78535,0.7855,1.00,1.00
2014.07.14 14:11:11.501,0.78535,0.78552,1.00,1.00
2014.07.14 14:11:11.961,0.78534,0.78549,1.00,1.00
2014.07.14 14:11:12.011,0.78529,0.78549,1.00,1.00
2014.07.14 14:11:12.222,0.78534,0.78549,1.00,1.00
2014.07.14 14:11:15.080,0.78535,0.78549,1.00,1.00
2014.07.14 14:11:20.247,0.78534,0.78549,1.00,1.00
2014.07.14 14:11:28.258,0.78534,0.78551,1.00,1.00
2014.07.14 14:11:28.409,0.78539,0.78551,1.00,1.00
2014.07.14 14:11:28.592,0.78539,0.78554,1.00,1.00
2014.07.14 14:11:28.794,0.78539,0.78558,1.00,1.00
2014.07.14 14:11:30.587,0.78535,0.78558,1.50,1.00
2014.07.14 14:11:32.607,0.78537,0.78558,1.50,1.00
2014.07.14 14:11:33.245,0.78537,0.7856,1.50,1.73
2014.07.14 14:11:38.335,0.78534,0.7856,3.00,1.73
2014.07.14 14:11:39.319,0.78535,0.7856,1.00,1.88
2014.07.14 14:11:39.369,0.78539,0.7856,1.00,1.13
2014.07.14 14:11:48.210,0.78539,0.78561,1.00,1.00
2014.07.14 14:11:48.520,0.78549,0.78569,1.00,1.13
2014.07.14 14:11:48.621,0.78545,0.78566,1.00,1.00
2014.07.14 14:11:48.807,0.7854,0.78561,1.00,1.00
2014.07.14 14:11:49.548,0.7854,0.7856,1.00,1.00
2014.07.14 14:11:49.599,0.78539,0.78563,1.50,1.00
2014.07.14 14:11:50.148,0.78544,0.78563,1.00,1.00
2014.07.14 14:11:50.346,0.78539,0.78563,1.50,1.00
2014.07.14 14:11:51.338,0.7854,0.78563,1.00,1.00
2014.07.14 14:11:52.439,0.78539,0.78563,1.50,1.00
2014.07.14 14:11:53.980,0.7854,0.78563,1.00,1.00
2014.07.14 14:11:56.397,0.78539,0.78563,1.50,1.00
2014.07.14 14:11:57.127,0.7854,0.78563,1.50,1.00
2014.07.14 14:11:57.610,0.78544,0.78563,1.00,1.00
2014.07.14 14:11:58.705,0.7854,0.78563,2.25,1.00
2014.07.14 14:11:58.907,0.7854,0.78561,1.00,1.00
2014.07.14 14:11:59.048,0.7854,0.78564,1.00,1.00
2014.07.14 14:11:59.592,0.7854,0.78564,1.00,1.38
2014.07.14 14:12:00.369,0.7854,0.78562,1.00,1.00
2014.07.14 14:12:00.420,0.7854,0.78562,1.00,1.38
2014.07.14 14:12:00.796,0.78536,0.78561,2.25,1.38
2014.07.14 14:12:00.967,0.78534,0.7856,3.00,1.13
2014.07.14 14:12:01.106,0.78534,0.78558,2.25,1.00
2014.07.14 14:12:01.786,0.78535,0.78558,1.00,1.00
2014.07.14 14:12:02.897,0.78539,0.78561,1.00,1.88
2014.07.14 14:12:03.129,0.78535,0.78561,1.00,1.88
2014.07.14 14:12:05.379,0.78534,0.78558,1.00,1.13
2014.07.14 14:12:05.431,0.78539,0.78559,1.00,1.38
2014.07.14 14:12:05.933,0.78539,0.78561,1.00,1.88
2014.07.14 14:12:11.146,0.7854,0.7856,1.00,1.38
2014.07.14 14:12:14.116,0.78539,0.78561,1.00,1.88
2014.07.14 14:12:17.746,0.7854,0.7856,1.00,1.38
2014.07.14 14:12:20.177,0.78539,0.78561,1.00,1.88
2014.07.14 14:12:22.590,0.7854,0.7856,1.00,1.38
2014.07.14 14:12:23.796,0.78539,0.78561,1.00,1.88
2014.07.14 14:12:30.286,0.78535,0.78556,1.00,1.00
2014.07.14 14:12:30.506,0.78539,0.78561,1.00,1.88
2014.07.14 14:12:31.117,0.78539,0.7856,1.00,1.38
2014.07.14 14:12:33.997,0.78535,0.78555,1.00,1.00
2014.07.14 14:12:48.079,0.78534,0.78556,1.50,1.00
2014.07.14 14:12:50.607,0.78539,0.7856,1.00,1.38
2014.07.14 14:13:15.908,0.7854,0.7856,1.00,1.88
2014.07.14 14:13:16.895,0.78539,0.7856,1.00,1.38
2014.07.14 14:13:17.591,0.7854,0.7856,1.00,1.88
2014.07.14 14:13:17.775,0.78534,0.78556,1.50,1.00
2014.07.14 14:13:23.390,0.78535,0.78555,1.00,1.00
2014.07.14 14:13:25.696,0.78534,0.78556,1.50,1.00
2014.07.14 14:13:27.417,0.7854,0.7856,1.00,1.88
2014.07.14 14:13:27.781,0.78535,0.78555,1.00,1.00
2014.07.14 14:13:29.839,0.78534,0.78555,1.00,1.00
2014.07.14 14:13:29.960,0.78531,0.78555,2.25,1.38
2014.07.14 14:13:30.262,0.78529,0.78551,1.00,1.88
2014.07.14 14:13:31.271,0.78529,0.78551,1.00,1.88
2014.07.14 14:13:31.402,0.78535,0.78551,1.00,1.38
2014.07.14 14:13:31.828,0.78529,0.78551,1.00,1.38
2014.07.14 14:13:32.001,0.78535,0.78553,1.00,1.38
2014.07.14 14:13:32.051,0.78534,0.78552,1.00,1.13
2014.07.14 14:13:33.586,0.78534,0.78552,1.00,1.38
2014.07.14 14:13:34.564,0.7853,0.7855,1.00,1.00
2014.07.14 14:13:37.098,0.78529,0.78551,1.00,1.13
2014.07.14 14:13:37.211,0.78534,0.78552,1.00,1.38
2014.07.14 14:13:37.429,0.78529,0.78551,1.00,1.13
2014.07.14 14:13:37.538,0.78534,0.78552,1.00,1.38
2014.07.14 14:13:39.184,0.78529,0.78551,1.00,1.13
2014.07.14 14:13:51.610,0.78534,0.78553,1.00,1.00
2014.07.14 14:13:52.605,0.78535,0.78553,1.00,1.00
2014.07.14 14:13:55.549,0.78534,0.78553,1.00,1.00
2014.07.14 14:14:00.053,0.78535,0.78553,1.00,1.00
2014.07.14 14:14:00.279,0.78529,0.78551,2.25,1.00
2014.07.14 14:14:00.430,0.78534,0.78553,1.00,1.38
2014.07.14 14:14:00.719,0.78529,0.78551,1.00,1.13
2014.07.14 14:14:00.934,0.78535,0.78552,1.00,1.38
2014.07.14 14:14:03.688,0.78529,0.78551,1.00,1.13
2014.07.14 14:14:05.444,0.78534,0.78552,1.00,1.38
2014.07.14 14:14:05.667,0.78529,0.78551,1.00,1.13
2014.07.14 14:14:25.414,0.78529,0.78551,1.00,3.98
2014.07.14 14:14:25.716,0.78524,0.78546,1.00,1.88
2014.07.14 14:14:27.337,0.78525,0.78545,1.00,1.88
2014.07.14 14:14:38.213,0.78525,0.78544,1.00,1.00
2014.07.14 14:14:40.753,0.78524,0.78544,1.00,1.00
2014.07.14 14:14:41.733,0.78524,0.78543,1.00,1.00
2014.07.14 14:14:43.603,0.78525,0.78543,1.00,1.00
2014.07.14 14:14:44.155,0.78525,0.78544,1.00,1.00
2014.07.14 14:14:44.373,0.78525,0.78542,1.00,1.00
2014.07.14 14:14:44.933,0.78524,0.78542,1.00,1.00
2014.07.14 14:14:46.253,0.78525,0.78542,1.00,1.00
2014.07.14 14:14:50.644,0.78525,0.78544,1.00,1.00
2014.07.14 14:14:51.413,0.78525,0.78543,1.00,1.00
2014.07.14 14:14:52.184,0.78525,0.78544,1.00,1.00
2014.07.14 14:14:53.365,0.78525,0.78545,1.00,1.88
2014.07.14 14:14:53.835,0.78525,0.78543,1.00,1.00
2014.07.14 14:14:54.533,0.78524,0.78543,1.00,1.00
2014.07.14 14:15:00.183,0.78525,0.78543,1.00,1.00
2014.07.14 14:15:07.886,0.78524,0.78543,1.00,1.13
2014.07.14 14:15:12.973,0.78524,0.78542,1.00,1.00
2014.07.14 14:15:33.733,0.78524,0.7854,1.00,1.00
2014.07.14 14:15:34.064,0.78524,0.78543,1.00,1.13
2014.07.14 14:15:34.504,0.78524,0.7854,1.00,1.00
2014.07.14 14:15:42.973,0.78524,0.78543,1.00,1.13
2014.07.14 14:15:43.194,0.78524,0.78541,1.00,1.00
2014.07.14 14:15:43.972,0.78524,0.78543,1.00,1.13
2014.07.14 14:15:44.184,0.78524,0.7854,1.00,1.00
2014.07.14 14:15:44.403,0.78524,0.78542,1.00,1.00
2014.07.14 14:15:48.363,0.78524,0.78543,1.00,1.13
2014.07.14 14:15:48.693,0.78524,0.7854,1.00,1.00
2014.07.14 14:15:54.014,0.78524,0.78543,1.00,1.38
2014.07.14 14:15:54.413,0.78524,0.7854,1.00,1.00
2014.07.14 14:15:57.383,0.78524,0.78542,1.00,1.13
2014.07.14 14:15:57.907,0.78524,0.78541,1.00,1.00
2014.07.14 14:16:01.095,0.78519,0.78541,1.00,1.00
2014.07.14 14:16:01.146,0.78519,0.78539,1.00,1.00
2014.07.14 14:16:01.448,0.78515,0.78539,1.00,2.25
2014.07.14 14:16:01.931,0.78514,0.78536,1.00,1.00
2014.07.14 14:16:03.103,0.78514,0.78538,1.00,1.13
2014.07.14 14:16:05.825,0.78519,0.78538,1.00,1.13
2014.07.14 14:16:06.373,0.78514,0.78538,1.00,1.00
2014.07.14 14:16:08.946,0.78514,0.78536,1.00,1.00
2014.07.14 14:16:09.276,0.78513,0.7853,1.00,1.00
2014.07.14 14:16:09.377,0.78514,0.78536,1.00,1.88
2014.07.14 14:16:10.113,0.7851,0.78535,1.50,1.00
2014.07.14 14:16:10.164,0.78512,0.78535,1.00,1.00
2014.07.14 14:16:10.785,0.78512,0.78536,1.00,1.88
2014.07.14 14:16:11.164,0.78514,0.78536,1.00,1.13
2014.07.14 14:16:12.554,0.78515,0.78536,1.00,1.13
2014.07.14 14:16:13.543,0.7852,0.78536,1.00,1.13
2014.07.14 14:16:13.644,0.7852,0.78538,1.00,1.00
2014.07.14 14:16:13.924,0.78515,0.78536,1.00,1.00
2014.07.14 14:16:14.147,0.78514,0.78533,1.00,1.00
2014.07.14 14:16:14.914,0.78514,0.78536,1.00,1.38
2014.07.14 14:16:15.135,0.78515,0.78537,1.00,1.13
2014.07.14 14:16:15.854,0.78514,0.78538,1.00,1.38
2014.07.14 14:16:15.905,0.78519,0.78538,1.00,1.38
2014.07.14 14:16:16.073,0.78515,0.78538,1.00,1.38
2014.07.14 14:16:17.836,0.78516,0.7854,1.00,1.38
2014.07.14 14:16:18.163,0.78518,0.78541,1.00,1.38
2014.07.14 14:16:18.264,0.78519,0.78541,1.00,1.38
2014.07.14 14:16:18.378,0.78519,0.78541,1.00,1.13
2014.07.14 14:16:24.780,0.78519,0.78541,1.00,1.88
2014.07.14 14:16:25.093,0.78515,0.7854,1.50,1.38
2014.07.14 14:16:25.194,0.78515,0.7854,1.50,1.38
2014.07.14 14:16:25.864,0.78514,0.78538,1.00,1.38
2014.07.14 14:16:26.523,0.78515,0.78538,1.00,1.38
2014.07.14 14:16:26.845,0.78514,0.78536,1.00,2.48
2014.07.14 14:16:26.895,0.78512,0.78535,1.00,1.88
2014.07.14 14:16:26.963,0.78509,0.78533,1.00,1.38
2014.07.14 14:16:27.174,0.78509,0.78533,1.00,2.63
2014.07.14 14:16:28.133,0.7851,0.78532,1.00,1.38
2014.07.14 14:16:30.002,0.78509,0.78532,1.00,1.38
2014.07.14 14:16:31.985,0.7851,0.78532,1.00,1.38
2014.07.14 14:16:32.324,0.78506,0.78526,1.00,1.00
2014.07.14 14:16:32.576,0.78504,0.78526,1.00,1.00
2014.07.14 14:16:32.792,0.78502,0.78526,1.00,1.88
2014.07.14 14:16:32.862,0.78504,0.78526,1.00,1.13
2014.07.14 14:16:34.382,0.78504,0.78528,1.00,1.35
2014.07.14 14:16:34.688,0.78507,0.7853,1.00,1.00
2014.07.14 14:16:39.354,0.78507,0.78531,1.00,1.88
2014.07.14 14:16:41.262,0.78505,0.78531,1.00,1.88
2014.07.14 14:16:43.641,0.78505,0.7853,1.50,1.00
2014.07.14 14:16:47.272,0.78505,0.78531,1.00,1.88
2014.07.14 14:16:48.702,0.78505,0.7853,1.50,1.00
2014.07.14 14:16:49.583,0.78505,0.78531,1.00,1.88
2014.07.14 14:16:53.187,0.78505,0.7853,1.50,1.00
2014.07.14 14:16:53.983,0.78505,0.78531,1.00,1.88
2014.07.14 14:16:54.494,0.78505,0.7853,1.50,1.00
2014.07.14 14:16:55.705,0.78505,0.78531,1.00,1.88
2014.07.14 14:16:57.245,0.78505,0.7853,1.50,1.00
2014.07.14 14:16:57.592,0.78504,0.78526,1.88,1.00
2014.07.14 14:16:57.945,0.78502,0.78526,1.00,1.00
2014.07.14 14:16:58.729,0.78502,0.78526,1.38,1.00
2014.07.14 14:16:58.830,0.78505,0.78526,1.00,1.00
2014.07.14 14:16:59.011,0.78505,0.7853,1.50,1.50
2014.07.14 14:17:00.713,0.78506,0.78531,1.00,1.00
2014.07.14 14:17:01.254,0.78508,0.78531,1.00,1.00
2014.07.14 14:17:01.312,0.78509,0.78534,1.00,1.13
2014.07.14 14:17:01.583,0.7851,0.78536,1.00,1.50
2014.07.14 14:17:01.811,0.78509,0.78533,1.00,1.00
2014.07.14 14:17:02.113,0.78505,0.7853,1.00,1.00
2014.07.14 14:17:02.642,0.78504,0.78527,1.00,1.00
2014.07.14 14:17:02.972,0.78504,0.78529,1.00,1.13
2014.07.14 14:17:05.424,0.78505,0.78529,1.50,1.00
2014.07.14 14:17:05.525,0.7851,0.78529,1.00,1.00
2014.07.14 14:17:05.618,0.7851,0.78533,1.00,1.38
2014.07.14 14:17:06.168,0.78509,0.78532,1.00,1.00
2014.07.14 14:17:07.185,0.78506,0.78531,1.00,1.00
2014.07.14 14:17:07.372,0.78504,0.7853,1.50,1.00
2014.07.14 14:17:07.473,0.78509,0.7853,1.00,1.00
2014.07.14 14:17:07.923,0.78509,0.78532,1.00,1.13
2014.07.14 14:17:11.072,0.78506,0.7853,1.00,1.00
2014.07.14 14:17:15.033,0.78506,0.78531,1.00,1.00
2014.07.14 14:17:16.135,0.78506,0.7853,1.00,1.00
2014.07.14 14:17:18.038,0.78506,0.7853,1.00,1.88
2014.07.14 14:17:18.331,0.78504,0.78526,1.00,1.00
2014.07.14 14:17:19.321,0.78504,0.78529,1.50,1.38
2014.07.14 14:17:19.676,0.78504,0.78528,1.00,1.38
2014.07.14 14:17:19.777,0.78502,0.78526,1.00,1.38
2014.07.14 14:17:19.928,0.78499,0.78525,1.50,1.13
2014.07.14 14:17:21.411,0.785,0.78525,1.00,1.88
2014.07.14 14:17:21.897,0.78497,0.78521,1.00,1.00
2014.07.14 14:17:26.912,0.78499,0.78522,1.00,1.00
2014.07.14 14:17:28.051,0.78499,0.7852,1.00,1.00
2014.07.14 14:17:28.878,0.78504,0.7852,1.00,1.00
2014.07.14 14:17:28.980,0.78504,0.78523,1.00,1.00
2014.07.14 14:17:29.081,0.78503,0.78526,1.00,1.00
2014.07.14 14:17:29.310,0.78504,0.7853,1.50,1.38
2014.07.14 14:17:29.651,0.78504,0.78525,1.00,1.00
2014.07.14 14:17:30.415,0.78504,0.7853,1.50,1.38
2014.07.14 14:17:33.113,0.78504,0.78528,1.50,1.00
2014.07.14 14:17:37.103,0.78504,0.78526,1.00,1.00
2014.07.14 14:17:38.011,0.78505,0.78525,1.00,1.00
2014.07.14 14:17:38.751,0.78504,0.78525,1.00,1.00
2014.07.14 14:17:44.551,0.78504,0.78523,1.00,1.00
2014.07.14 14:17:44.601,0.78499,0.78523,1.00,1.00
2014.07.14 14:17:45.137,0.78504,0.78523,1.00,1.00
2014.07.14 14:17:45.794,0.785,0.78523,1.00,1.00
2014.07.14 14:17:50.161,0.785,0.78522,1.00,1.00
2014.07.14 14:17:54.105,0.78499,0.78522,1.00,1.00
2014.07.14 14:17:55.014,0.78504,0.78522,1.00,1.00
2014.07.14 14:17:56.856,0.78505,0.78522,1.00,1.00
2014.07.14 14:17:59.820,0.78504,0.78522,1.00,1.00
2014.07.14 14:18:00.355,0.78505,0.78522,1.00,1.00
2014.07.14 14:18:00.405,0.78505,0.78524,1.00,1.13
2014.07.14 14:18:00.607,0.78509,0.78524,1.00,1.00
2014.07.14 14:18:00.766,0.78509,0.78528,1.00,1.00
2014.07.14 14:18:00.967,0.78509,0.7853,1.00,1.13
2014.07.14 14:18:01.948,0.7851,0.78528,1.00,1.00
2014.07.14 14:18:02.499,0.7851,0.7853,1.00,1.13
2014.07.14 14:18:02.599,0.78515,0.7853,1.00,1.13
2014.07.14 14:18:02.757,0.78515,0.78533,1.00,1.13
2014.07.14 14:18:02.923,0.78514,0.7853,1.00,1.00
2014.07.14 14:18:03.127,0.78509,0.7853,1.00,1.00
2014.07.14 14:18:03.278,0.78514,0.7853,1.00,1.00
2014.07.14 14:18:04.685,0.78514,0.78529,1.00,1.00
2014.07.14 14:18:04.854,0.78509,0.78529,1.00,1.00
2014.07.14 14:18:05.073,0.78515,0.78529,1.00,1.00
2014.07.14 14:18:05.290,0.78509,0.78529,1.00,1.00
2014.07.14 14:18:05.831,0.78509,0.7853,1.00,1.00
2014.07.14 14:18:05.882,0.78514,0.7853,1.00,1.00
2014.07.14 14:18:06.093,0.78509,0.7853,1.00,1.00
2014.07.14 14:18:09.800,0.78514,0.7853,1.00,1.00
2014.07.14 14:18:10.352,0.78509,0.7853,1.00,1.00
2014.07.14 14:18:10.882,0.78509,0.78529,1.00,1.00
2014.07.14 14:18:11.391,0.78509,0.78528,1.00,1.00
2014.07.14 14:18:12.335,0.7851,0.78528,1.00,1.00
2014.07.14 14:18:13.324,0.78504,0.78528,1.00,1.00
2014.07.14 14:18:18.412,0.78505,0.78528,1.00,1.00
2014.07.14 14:18:19.167,0.78504,0.78527,1.00,1.00
2014.07.14 14:18:24.480,0.78504,0.78528,1.00,1.00
2014.07.14 14:18:24.980,0.78509,0.78529,1.00,1.00
2014.07.14 14:18:25.390,0.7851,0.78533,1.00,1.38
2014.07.14 14:18:25.978,0.78509,0.78533,1.00,1.38
2014.07.14 14:18:26.129,0.78507,0.78531,1.00,1.13
2014.07.14 14:18:26.334,0.78509,0.78533,1.00,2.63
2014.07.14 14:18:26.960,0.78509,0.7853,1.00,1.00
2014.07.14 14:18:27.467,0.7851,0.78529,1.00,1.00
2014.07.14 14:18:27.700,0.78505,0.78529,1.00,1.00
2014.07.14 14:18:28.060,0.78504,0.78527,1.00,1.00
2014.07.14 14:18:28.591,0.78504,0.78526,1.00,1.00
2014.07.14 14:18:29.134,0.78504,0.78527,1.00,1.13
2014.07.14 14:18:30.348,0.78505,0.78528,1.00,1.13
2014.07.14 14:18:30.715,0.78509,0.78527,1.00,1.00
2014.07.14 14:18:30.939,0.78509,0.78529,1.00,1.00
2014.07.14 14:18:31.174,0.78509,0.78531,1.00,1.00
2014.07.14 14:18:32.145,0.78515,0.78531,1.00,1.00
2014.07.14 14:18:32.486,0.7851,0.78531,1.00,1.00
2014.07.14 14:18:37.519,0.7851,0.78534,1.00,1.35
2014.07.14 14:18:37.899,0.78515,0.78537,1.00,3.23
2014.07.14 14:18:40.309,0.7851,0.78536,1.00,1.98
2014.07.14 14:18:44.875,0.7851,0.78536,1.00,3.23
2014.07.14 14:18:47.903,0.78509,0.78534,1.00,1.73
2014.07.14 14:18:49.751,0.78509,0.78534,1.00,1.98
2014.07.14 14:18:50.321,0.78509,0.78533,1.00,1.13
2014.07.14 14:18:51.860,0.7851,0.78533,1.00,1.13
2014.07.14 14:18:56.590,0.78509,0.78533,1.00,1.13
2014.07.14 14:18:56.810,0.78515,0.78534,1.00,1.00
2014.07.14 14:18:57.221,0.78515,0.78536,1.00,1.00
2014.07.14 14:18:57.933,0.78515,0.78535,1.00,1.00
2014.07.14 14:18:58.341,0.78514,0.78538,1.00,1.00
2014.07.14 14:18:58.924,0.78515,0.78538,1.00,1.00
2014.07.14 14:19:02.312,0.78514,0.78538,1.00,1.00
2014.07.14 14:19:02.472,0.78519,0.78535,1.00,1.00
2014.07.14 14:19:02.659,0.78519,0.78538,1.00,1.00
2014.07.14 14:19:04.548,0.78515,0.78538,1.00,1.00
2014.07.14 14:19:04.641,0.78515,0.78536,1.00,1.00
2014.07.14 14:19:05.150,0.78514,0.78536,1.00,1.00
2014.07.14 14:19:05.871,0.78514,0.78537,1.00,1.00
2014.07.14 14:19:07.686,0.78519,0.78537,1.00,1.00
2014.07.14 14:19:07.764,0.78514,0.78537,1.00,1.00
2014.07.14 14:19:07.965,0.78514,0.78535,1.00,1.00
2014.07.14 14:19:15.232,0.78514,0.78532,1.00,1.00
2014.07.14 14:19:15.534,0.78515,0.78534,1.00,1.00
2014.07.14 14:19:15.751,0.78514,0.78536,1.00,1.13
2014.07.14 14:19:18.516,0.78514,0.78534,1.00,1.00
2014.07.14 14:19:18.922,0.78509,0.78534,1.38,1.00
2014.07.14 14:19:19.469,0.78515,0.78534,1.00,1.00
2014.07.14 14:19:20.571,0.7851,0.78534,1.13,1.00
2014.07.14 14:19:24.284,0.78509,0.78534,1.00,1.00
2014.07.14 14:19:25.319,0.78509,0.78532,1.00,1.00
2014.07.14 14:19:27.500,0.78515,0.78532,1.00,1.00
2014.07.14 14:19:37.712,0.78509,0.78532,1.00,1.00
2014.07.14 14:19:44.160,0.78509,0.78531,1.00,1.00
2014.07.14 14:19:47.280,0.7851,0.78531,1.00,1.13
2014.07.14 14:19:47.979,0.7851,0.78529,1.00,1.00
2014.07.14 14:19:50.100,0.7851,0.78531,1.00,1.00
2014.07.14 14:19:50.932,0.78509,0.78531,1.00,1.00
2014.07.14 14:19:51.083,0.78509,0.78529,1.00,1.00
2014.07.14 14:19:51.608,0.78509,0.78528,1.00,1.00
2014.07.14 14:20:00.046,0.78504,0.78528,1.00,1.00
2014.07.14 14:20:00.457,0.78504,0.78526,1.00,1.00
2014.07.14 14:20:00.979,0.78505,0.78526,1.00,1.00
2014.07.14 14:20:01.366,0.7851,0.78526,1.00,1.00
2014.07.14 14:20:01.868,0.78509,0.78526,1.00,1.00
2014.07.14 14:20:01.919,0.78509,0.7853,1.00,1.00
2014.07.14 14:20:02.557,0.7851,0.7853,1.00,1.00
2014.07.14 14:20:03.254,0.78509,0.7853,1.00,1.00
2014.07.14 14:20:03.304,0.78509,0.78528,1.00,1.00
2014.07.14 14:20:04.855,0.7851,0.78528,1.00,1.00
2014.07.14 14:20:05.403,0.78509,0.78528,1.00,1.00
2014.07.14 14:20:06.642,0.7851,0.78528,1.00,1.00
2014.07.14 14:20:08.262,0.78509,0.78528,1.00,1.00
2014.07.14 14:20:08.792,0.78509,0.78529,1.00,1.00
2014.07.14 14:20:09.365,0.7851,0.78528,1.00,1.00
2014.07.14 14:20:10.822,0.78509,0.78528,1.00,1.00
2014.07.14 14:20:11.564,0.78509,0.78529,1.00,1.00
2014.07.14 14:20:12.349,0.78515,0.78529,1.00,1.00
2014.07.14 14:20:12.450,0.78515,0.78532,1.00,1.00
2014.07.14 14:20:14.200,0.78514,0.78532,1.00,1.00
2014.07.14 14:20:17.920,0.78509,0.78532,1.00,1.00
2014.07.14 14:20:18.142,0.78514,0.78532,1.00,1.00
2014.07.14 14:20:20.889,0.78515,0.78532,1.00,1.00
2014.07.14 14:20:21.567,0.78509,0.78532,1.00,1.00
2014.07.14 14:20:22.362,0.78514,0.78532,1.00,1.00
2014.07.14 14:20:26.796,0.78514,0.78533,1.00,1.00
2014.07.14 14:20:30.063,0.78514,0.78535,1.00,1.00
2014.07.14 14:20:30.360,0.78514,0.78533,1.00,1.00
2014.07.14 14:20:33.920,0.78514,0.78534,1.00,1.00
2014.07.14 14:20:36.440,0.78514,0.78533,1.00,1.00
2014.07.14 14:20:41.709,0.78514,0.78534,1.00,1.00
2014.07.14 14:20:42.275,0.78514,0.78532,1.00,1.00
2014.07.14 14:20:44.870,0.78515,0.78532,1.00,1.00
2014.07.14 14:20:46.080,0.78514,0.78532,1.00,1.00
2014.07.14 14:20:47.698,0.78515,0.78532,1.00,1.00
2014.07.14 14:20:49.451,0.78514,0.78532,1.00,1.00
2014.07.14 14:20:52.864,0.78515,0.78532,1.00,1.00
2014.07.14 14:20:53.444,0.78514,0.78532,1.00,1.00
2014.07.14 14:21:01.331,0.78515,0.78532,1.00,1.00
2014.07.14 14:21:03.916,0.78514,0.78532,1.00,1.00
2014.07.14 14:21:08.635,0.78514,0.78534,1.00,1.00
2014.07.14 14:21:15.209,0.78514,0.78532,1.00,1.00
2014.07.14 14:21:16.147,0.78515,0.78532,1.00,1.00
2014.07.14 14:21:16.889,0.78515,0.78535,1.00,1.13
2014.07.14 14:21:18.186,0.78515,0.78536,1.00,1.00
2014.07.14 14:21:18.287,0.7852,0.78536,1.00,1.00
2014.07.14 14:21:18.438,0.7852,0.78538,1.00,1.00
2014.07.14 14:21:19.559,0.78519,0.78538,1.00,1.00
2014.07.14 14:21:20.112,0.78514,0.78538,1.50,1.00
2014.07.14 14:21:22.324,0.78519,0.78538,1.00,1.00
2014.07.14 14:21:23.852,0.7852,0.78538,1.00,1.00
2014.07.14 14:21:29.148,0.78519,0.78538,1.00,1.00
2014.07.14 14:21:30.835,0.78519,0.7854,1.00,1.00
2014.07.14 14:21:31.378,0.78519,0.78539,1.00,1.00
2014.07.14 14:21:39.645,0.78519,0.78537,1.00,1.00
2014.07.14 14:21:39.799,0.78514,0.78537,1.13,1.00
2014.07.14 14:21:39.850,0.78514,0.78535,1.13,1.00
2014.07.14 14:21:40.113,0.78514,0.78538,1.13,1.00
2014.07.14 14:21:40.348,0.7852,0.78538,1.00,1.00
2014.07.14 14:21:42.440,0.7852,0.78539,1.00,1.00
2014.07.14 14:21:43.142,0.7852,0.78538,1.00,1.00
2014.07.14 14:21:43.699,0.78519,0.78538,1.00,1.00
2014.07.14 14:21:58.267,0.78514,0.78538,1.00,1.00
2014.07.14 14:21:58.368,0.78519,0.78538,1.00,1.00
2014.07.14 14:21:58.579,0.78514,0.78536,1.00,1.00
2014.07.14 14:21:59.128,0.7852,0.78536,1.00,1.00
2014.07.14 14:22:00.298,0.7852,0.78538,1.00,1.00
2014.07.14 14:22:00.889,0.78519,0.78538,1.00,1.00
2014.07.14 14:22:03.439,0.78514,0.78538,1.00,1.00
2014.07.14 14:22:03.490,0.78514,0.78535,1.00,1.00
2014.07.14 14:22:03.940,0.78514,0.78533,1.00,1.00
2014.07.14 14:22:14.097,0.78515,0.78533,1.00,1.00
2014.07.14 14:22:14.268,0.78515,0.78535,1.00,1.00
2014.07.14 14:22:15.158,0.78515,0.78536,1.00,1.00
2014.07.14 14:22:16.478,0.78515,0.78537,1.00,1.00
2014.07.14 14:22:17.197,0.78514,0.78537,1.00,1.00
2014.07.14 14:22:17.298,0.7852,0.78537,1.00,1.00
2014.07.14 14:22:17.399,0.78519,0.78539,1.00,1.00
2014.07.14 14:22:17.800,0.78519,0.78537,1.00,1.00
2014.07.14 14:22:19.548,0.78519,0.78538,1.00,1.00
2014.07.14 14:22:31.985,0.78519,0.78539,1.00,1.00
2014.07.14 14:22:41.770,0.78519,0.7854,1.00,1.00
2014.07.14 14:22:42.155,0.7852,0.78538,1.00,1.00
2014.07.14 14:22:42.919,0.78519,0.78538,1.00,1.00
2014.07.14 14:22:53.578,0.78519,0.78539,1.00,1.00
2014.07.14 14:22:55.912,0.7852,0.7854,1.00,1.00
2014.07.14 14:22:57.635,0.7852,0.78537,1.00,1.00
2014.07.14 14:22:59.436,0.78519,0.78537,1.00,1.00
2014.07.14 14:23:00.084,0.7852,0.78536,1.00,1.00
2014.07.14 14:23:00.191,0.78514,0.78536,1.00,1.00
2014.07.14 14:23:03.378,0.78514,0.78537,1.00,1.00
2014.07.14 14:23:17.638,0.78515,0.78537,1.00,1.00
2014.07.14 14:23:18.439,0.78519,0.78537,1.00,1.00
2014.07.14 14:23:20.937,0.7852,0.78537,1.00,1.00
2014.07.14 14:23:24.582,0.78519,0.78537,1.00,1.00
2014.07.14 14:23:33.840,0.78514,0.78537,1.00,1.00
2014.07.14 14:23:36.842,0.78515,0.78537,1.00,1.00
2014.07.14 14:23:38.431,0.78514,0.78537,1.00,1.00
2014.07.14 14:23:38.623,0.78514,0.78535,1.00,1.00
2014.07.14 14:23:38.673,0.78511,0.78535,1.00,1.50
2014.07.14 14:23:38.840,0.7851,0.78531,1.00,1.00
2014.07.14 14:23:39.148,0.7851,0.78529,1.00,1.00
2014.07.14 14:23:43.386,0.78509,0.78529,1.00,1.00
2014.07.14 14:23:49.656,0.7851,0.78529,1.00,1.00
2014.07.14 14:23:50.155,0.78514,0.78532,1.00,1.00
2014.07.14 14:23:53.442,0.78515,0.78532,1.00,1.00
2014.07.14 14:23:53.800,0.78514,0.78534,1.00,1.00
2014.07.14 14:23:53.965,0.78519,0.78534,1.00,1.00
2014.07.14 14:23:59.995,0.7852,0.78534,1.00,1.00
2014.07.14 14:24:03.025,0.7852,0.78536,1.00,1.00
2014.07.14 14:24:16.567,0.78519,0.78536,1.00,1.00
2014.07.14 14:24:22.387,0.78519,0.78537,1.00,1.00
2014.07.14 14:24:24.428,0.78514,0.78536,1.00,1.00
2014.07.14 14:24:24.485,0.78519,0.78537,1.00,1.00
2014.07.14 14:24:24.993,0.78519,0.78538,1.00,1.00
2014.07.14 14:24:25.527,0.7852,0.78537,1.00,1.00
2014.07.14 14:24:27.052,0.78519,0.78537,1.00,1.00
2014.07.14 14:24:28.921,0.7852,0.78537,1.00,1.00
2014.07.14 14:24:29.143,0.78519,0.7854,1.00,1.00
2014.07.14 14:24:29.375,0.78525,0.78543,1.00,1.00
2014.07.14 14:24:30.126,0.78524,0.78543,1.00,1.00
2014.07.14 14:24:30.316,0.78519,0.78542,1.00,1.00
2014.07.14 14:24:30.695,0.78519,0.7854,1.00,1.00
2014.07.14 14:24:31.436,0.78519,0.78539,1.00,1.00
2014.07.14 14:24:31.886,0.7852,0.78537,1.00,1.00
2014.07.14 14:24:32.407,0.78514,0.78537,1.00,1.00
2014.07.14 14:24:32.635,0.78514,0.7854,1.50,1.00
2014.07.14 14:24:33.398,0.78519,0.7854,1.00,1.00
2014.07.14 14:24:33.731,0.78519,0.78539,1.00,1.38
2014.07.14 14:24:33.863,0.78515,0.78537,1.00,1.13
2014.07.14 14:24:34.014,0.78515,0.78537,1.00,1.38
2014.07.14 14:24:34.064,0.78511,0.78536,1.00,1.38
2014.07.14 14:24:34.215,0.78509,0.78533,1.50,1.38
2014.07.14 14:24:36.028,0.7851,0.78529,1.00,1.00
2014.07.14 14:24:36.576,0.78509,0.78529,1.00,1.00
2014.07.14 14:24:43.179,0.78509,0.78529,1.00,1.38
2014.07.14 14:24:44.058,0.7851,0.78529,1.00,1.38
2014.07.14 14:24:44.995,0.7851,0.7853,1.00,1.00
2014.07.14 14:24:45.816,0.78509,0.7853,1.00,1.00
2014.07.14 14:24:45.978,0.78509,0.78528,1.00,1.00
2014.07.14 14:24:46.384,0.78509,0.7853,1.00,1.00
2014.07.14 14:24:47.168,0.78509,0.78532,1.00,1.13
2014.07.14 14:24:47.370,0.78514,0.78532,1.00,1.13
2014.07.14 14:24:47.589,0.78509,0.78531,1.00,1.00
2014.07.14 14:24:47.640,0.78509,0.78529,1.00,1.00
2014.07.14 14:24:47.998,0.78514,0.78529,1.00,1.00
2014.07.14 14:24:48.124,0.7851,0.78529,1.00,1.00
2014.07.14 14:24:48.445,0.7851,0.78528,1.00,1.38
2014.07.14 14:24:48.596,0.78505,0.78526,1.00,1.50
2014.07.14 14:24:48.748,0.78504,0.78522,1.00,1.50
2014.07.14 14:24:49.925,0.78504,0.78523,1.00,1.00
2014.07.14 14:24:50.497,0.78504,0.78524,1.00,1.00
2014.07.14 14:24:52.084,0.78505,0.78524,1.00,1.00
2014.07.14 14:24:54.504,0.78504,0.78524,1.00,1.00
2014.07.14 14:24:55.082,0.78504,0.78523,1.00,2.25
2014.07.14 14:25:24.686,0.78504,0.78522,1.00,1.50
2014.07.14 14:25:25.046,0.785,0.78522,1.00,1.50
2014.07.14 14:25:25.206,0.785,0.78521,1.00,2.63
2014.07.14 14:25:25.410,0.78495,0.78518,1.00,1.88
2014.07.14 14:25:27.139,0.78495,0.78516,1.00,1.00
2014.07.14 14:25:27.906,0.78494,0.78516,1.00,1.00
2014.07.14 14:25:41.875,0.78495,0.78516,1.00,1.00
2014.07.14 14:25:43.525,0.78494,0.78516,1.00,1.00
2014.07.14 14:25:44.645,0.78495,0.78516,1.00,2.25
2014.07.14 14:25:45.169,0.78494,0.78516,1.00,1.00
2014.07.14 14:25:45.220,0.78499,0.78516,1.00,1.00
2014.07.14 14:25:45.544,0.78499,0.78518,1.00,1.00
2014.07.14 14:25:46.245,0.785,0.78518,1.00,2.25
2014.07.14 14:25:47.176,0.78499,0.78518,1.00,1.00
2014.07.14 14:25:47.721,0.78499,0.78519,1.00,2.25
2014.07.14 14:25:49.325,0.785,0.78519,1.00,1.00
2014.07.14 14:25:50.646,0.78499,0.78519,1.00,2.25
2014.07.14 14:25:54.055,0.785,0.78519,1.00,2.25
2014.07.14 14:26:02.748,0.78505,0.78519,1.00,2.25
2014.07.14 14:26:02.855,0.78499,0.78519,1.00,2.25
2014.07.14 14:26:03.696,0.78499,0.78518,1.00,1.50
2014.07.14 14:26:05.944,0.785,0.78519,1.00,2.25
2014.07.14 14:26:21.109,0.78499,0.78519,1.00,2.25
2014.07.14 14:26:34.386,0.785,0.78519,1.00,1.00
2014.07.14 14:26:35.377,0.78494,0.78518,1.00,1.50
2014.07.14 14:26:41.100,0.78499,0.78518,1.00,1.50
2014.07.14 14:26:41.319,0.78494,0.78518,1.00,1.50
2014.07.14 14:26:41.620,0.78494,0.78517,1.00,1.38
2014.07.14 14:26:41.720,0.7849,0.78512,1.00,1.50
2014.07.14 14:26:41.821,0.78489,0.7851,1.00,1.50
2014.07.14 14:26:42.549,0.78489,0.78511,1.00,1.88
2014.07.14 14:26:51.251,0.78486,0.7851,1.00,1.50
2014.07.14 14:26:51.402,0.78484,0.78509,2.18,1.50
2014.07.14 14:26:51.535,0.7849,0.78509,1.00,1.50
2014.07.14 14:26:55.497,0.78489,0.78509,1.00,1.50
2014.07.14 14:26:55.836,0.78494,0.78511,1.00,1.13
2014.07.14 14:26:56.088,0.7849,0.78512,1.00,1.88
2014.07.14 14:26:56.376,0.7849,0.78513,1.00,1.50
2014.07.14 14:26:56.823,0.78489,0.7851,1.00,1.00
2014.07.14 14:26:57.075,0.78484,0.78506,1.00,1.00
2014.07.14 14:26:57.747,0.78484,0.78507,1.00,1.00
2014.07.14 14:26:58.359,0.78489,0.78507,1.00,1.00
2014.07.14 14:27:00.234,0.78489,0.7851,1.00,1.00
2014.07.14 14:27:03.145,0.78489,0.78509,1.00,1.00
2014.07.14 14:27:03.705,0.78489,0.7851,1.00,1.00
2014.07.14 14:27:05.183,0.78489,0.78511,1.00,1.00
2014.07.14 14:27:08.877,0.7849,0.78511,1.00,1.00
2014.07.14 14:27:09.646,0.78489,0.78511,1.00,1.00
2014.07.14 14:27:10.364,0.78489,0.78512,1.00,1.00
2014.07.14 14:27:10.722,0.78489,0.7851,1.00,1.00
2014.07.14 14:27:11.225,0.78489,0.78509,1.00,1.00
2014.07.14 14:27:13.102,0.78489,0.78511,1.00,1.00
2014.07.14 14:27:13.437,0.78489,0.78509,1.00,1.00
2014.07.14 14:27:14.712,0.7849,0.78509,1.00,1.00
2014.07.14 14:27:14.813,0.78484,0.78509,1.50,1.00
2014.07.14 14:27:14.973,0.78484,0.78507,1.00,1.00
2014.07.14 14:27:15.913,0.78485,0.78507,1.00,1.00
2014.07.14 14:27:16.875,0.78484,0.78507,1.00,1.00
2014.07.14 14:27:21.606,0.78485,0.78507,1.00,1.00
2014.07.14 14:27:23.154,0.78485,0.78505,1.00,1.00
2014.07.14 14:27:23.773,0.78485,0.78504,1.00,1.00
2014.07.14 14:27:24.254,0.7848,0.78504,1.00,1.13
2014.07.14 14:27:24.324,0.7848,0.78502,1.00,1.00
2014.07.14 14:27:24.711,0.78476,0.785,1.13,1.00
2014.07.14 14:27:24.918,0.78474,0.78497,1.00,1.00
2014.07.14 14:27:30.363,0.78474,0.78498,1.00,1.00
2014.07.14 14:27:30.912,0.78474,0.78499,1.50,1.00
2014.07.14 14:27:31.654,0.78475,0.78499,1.50,1.00
2014.07.14 14:27:32.751,0.78476,0.785,1.50,1.00
2014.07.14 14:27:33.708,0.78476,0.78501,1.00,1.50
2014.07.14 14:27:34.011,0.78479,0.78501,1.00,1.00
2014.07.14 14:27:34.481,0.7848,0.78503,1.00,1.00
2014.07.14 14:27:34.919,0.78487,0.7851,1.00,1.88
2014.07.14 14:27:35.448,0.78487,0.78511,1.00,1.00
2014.07.14 14:27:36.107,0.78487,0.7851,1.00,1.00
2014.07.14 14:27:36.763,0.78487,0.78511,1.00,1.00
2014.07.14 14:27:38.746,0.78487,0.7851,1.00,1.00
2014.07.14 14:27:39.066,0.78489,0.78511,1.00,1.00
2014.07.14 14:27:43.034,0.78489,0.7851,1.00,1.00
2014.07.14 14:27:46.331,0.7849,0.7851,1.00,1.00
2014.07.14 14:27:46.776,0.78488,0.78506,1.00,1.00
2014.07.14 14:27:46.977,0.78486,0.78506,1.00,1.00
2014.07.14 14:27:48.842,0.78487,0.78506,1.00,1.00
2014.07.14 14:27:49.083,0.78485,0.78506,1.00,1.00
2014.07.14 14:27:55.014,0.78483,0.78506,2.25,1.00
2014.07.14 14:27:55.270,0.78485,0.78506,1.00,1.00
2014.07.14 14:27:57.206,0.78487,0.78509,1.50,1.00
2014.07.14 14:27:57.326,0.78487,0.78506,1.50,1.00
2014.07.14 14:27:57.866,0.78488,0.78505,1.00,1.00
2014.07.14 14:27:58.396,0.78488,0.78506,1.00,1.00
2014.07.14 14:28:03.802,0.78487,0.78506,1.00,1.00
2014.07.14 14:28:04.514,0.78487,0.78511,1.00,1.00
2014.07.14 14:28:04.671,0.78487,0.78506,1.00,1.00
2014.07.14 14:28:05.165,0.78485,0.78505,1.00,1.00
2014.07.14 14:28:05.673,0.78483,0.78505,2.63,1.00
2014.07.14 14:28:06.942,0.78484,0.78506,1.88,1.00
2014.07.14 14:28:07.200,0.78486,0.78506,1.50,1.00
2014.07.14 14:28:07.928,0.78486,0.78511,2.25,1.88
2014.07.14 14:28:07.979,0.78486,0.78511,2.25,2.25
2014.07.14 14:28:08.096,0.78486,0.78511,1.00,1.88
2014.07.14 14:28:08.149,0.78486,0.78506,1.00,1.00
2014.07.14 14:28:08.480,0.78481,0.78504,1.50,1.00
2014.07.14 14:28:08.732,0.78479,0.78502,3.00,1.00
2014.07.14 14:28:09.034,0.78479,0.785,1.50,1.00
2014.07.14 14:28:09.188,0.78479,0.78502,2.25,1.00
2014.07.14 14:28:09.289,0.7848,0.78504,1.50,1.00
2014.07.14 14:28:10.066,0.78479,0.78504,1.88,1.00
2014.07.14 14:28:10.376,0.78481,0.78504,1.50,1.00
2014.07.14 14:28:11.664,0.78481,0.78503,1.50,1.00
2014.07.14 14:28:12.155,0.7848,0.78501,1.50,1.00
2014.07.14 14:28:12.546,0.78479,0.78504,1.88,1.00
2014.07.14 14:28:12.982,0.7848,0.78501,1.50,1.00
2014.07.14 14:28:14.026,0.78479,0.78501,1.00,1.00
2014.07.14 14:28:15.111,0.78476,0.78501,1.00,1.88
2014.07.14 14:28:15.813,0.78476,0.78499,1.00,1.00
2014.07.14 14:28:16.173,0.78476,0.78495,1.00,1.00
2014.07.14 14:28:16.652,0.78476,0.78501,1.00,1.88
2014.07.14 14:28:16.723,0.78476,0.78496,1.00,1.00
2014.07.14 14:28:17.052,0.78476,0.78501,1.00,1.88
2014.07.14 14:28:18.612,0.78474,0.78499,3.00,1.00
2014.07.14 14:28:18.944,0.78473,0.78496,1.00,1.00
2014.07.14 14:28:22.004,0.78475,0.78496,1.00,1.00
2014.07.14 14:28:22.111,0.78475,0.78498,1.00,1.13
2014.07.14 14:28:22.385,0.78475,0.785,3.00,1.50
2014.07.14 14:28:22.485,0.78478,0.785,1.50,1.00
2014.07.14 14:28:25.004,0.78479,0.785,1.50,1.00
2014.07.14 14:28:27.831,0.78479,0.78501,1.50,1.00
2014.07.14 14:28:31.091,0.78478,0.78501,2.25,1.00
2014.07.14 14:28:33.073,0.78478,0.785,2.25,1.00
2014.07.14 14:28:33.623,0.78477,0.785,1.50,1.00
2014.07.14 14:28:34.281,0.78477,0.785,1.50,1.88
2014.07.14 14:28:34.546,0.78474,0.78499,3.00,1.38
2014.07.14 14:28:34.649,0.78474,0.78495,1.00,1.00
2014.07.14 14:28:35.110,0.78475,0.78499,1.50,1.13
2014.07.14 14:28:35.211,0.78478,0.785,1.50,1.00
2014.07.14 14:28:35.823,0.78478,0.78501,1.50,1.13
2014.07.14 14:28:38.022,0.78477,0.78501,1.00,1.13
2014.07.14 14:28:38.324,0.78475,0.785,1.00,1.38
2014.07.14 14:28:38.626,0.78481,0.78505,1.00,1.38
2014.07.14 14:28:38.842,0.78477,0.78501,1.50,1.50
2014.07.14 14:28:39.094,0.78475,0.785,1.00,1.13
2014.07.14 14:28:40.592,0.78476,0.78501,1.00,1.88
2014.07.14 14:28:40.693,0.78479,0.78501,1.00,1.88
2014.07.14 14:28:41.251,0.7848,0.78503,1.00,1.38
2014.07.14 14:28:42.253,0.7848,0.78503,1.00,1.75
2014.07.14 14:28:42.354,0.78476,0.78501,1.00,2.25
2014.07.14 14:28:42.572,0.78474,0.78498,1.00,1.38
2014.07.14 14:28:43.302,0.78473,0.78496,1.50,1.88
2014.07.14 14:28:43.890,0.78475,0.78496,1.00,1.13
2014.07.14 14:28:44.292,0.78472,0.78496,2.25,1.13
2014.07.14 14:28:44.847,0.78473,0.78495,1.50,1.00
2014.07.14 14:28:44.898,0.78475,0.78497,1.00,1.00
2014.07.14 14:28:45.437,0.78475,0.78495,1.00,1.00
2014.07.14 14:28:45.546,0.78476,0.785,1.00,1.00
2014.07.14 14:28:46.105,0.78476,0.78501,2.25,1.88
2014.07.14 14:28:46.442,0.78474,0.78499,3.00,1.00
2014.07.14 14:28:47.131,0.78474,0.78495,2.25,1.00
2014.07.14 14:28:48.483,0.78474,0.78496,2.25,1.00
2014.07.14 14:28:48.892,0.78477,0.785,1.00,1.00
2014.07.14 14:28:49.252,0.78476,0.78496,1.00,1.00
2014.07.14 14:28:50.103,0.78476,0.785,1.00,1.00
2014.07.14 14:28:50.432,0.78476,0.78496,1.00,1.00
2014.07.14 14:28:50.771,0.78476,0.78501,1.00,1.88
2014.07.14 14:28:50.872,0.78474,0.78496,1.00,1.00
2014.07.14 14:28:51.202,0.78474,0.78498,1.00,1.00
2014.07.14 14:28:51.371,0.78474,0.78496,1.00,1.00
2014.07.14 14:28:54.633,0.78473,0.78496,2.25,1.50
2014.07.14 14:29:00.226,0.78474,0.78496,1.00,1.00
2014.07.14 14:29:03.031,0.78474,0.78497,1.00,1.13
2014.07.14 14:29:04.581,0.78475,0.78497,1.00,1.13
2014.07.14 14:29:07.433,0.78475,0.78498,1.00,1.00
2014.07.14 14:29:11.295,0.78474,0.78498,1.50,1.00
2014.07.14 14:29:14.483,0.78475,0.78498,1.00,1.00
2014.07.14 14:29:15.125,0.78474,0.78498,1.50,1.00
2014.07.14 14:29:20.645,0.78475,0.78498,1.00,1.00
2014.07.14 14:29:20.947,0.7848,0.785,1.00,1.00
2014.07.14 14:29:21.098,0.78479,0.78502,1.00,1.00
2014.07.14 14:29:21.292,0.7848,0.78504,1.00,1.00
2014.07.14 14:29:41.090,0.7848,0.78503,1.00,1.00
2014.07.14 14:29:42.431,0.7848,0.78505,1.00,1.88
2014.07.14 14:29:44.096,0.78479,0.78505,1.50,1.13
2014.07.14 14:29:45.791,0.7848,0.78505,1.00,1.88
2014.07.14 14:29:49.970,0.78479,0.78504,1.00,1.00
2014.07.14 14:29:50.494,0.78479,0.78504,1.00,1.38
2014.07.14 14:29:51.090,0.78476,0.78501,1.00,1.00
2014.07.14 14:29:51.517,0.78479,0.78501,1.00,1.00
2014.07.14 14:29:51.847,0.78475,0.785,1.50,1.00
2014.07.14 14:30:00.396,0.78475,0.78501,1.00,1.50
2014.07.14 14:30:01.012,0.78474,0.785,1.50,1.00
2014.07.14 14:30:03.906,0.78476,0.78501,1.00,1.00
2014.07.14 14:30:06.413,0.78475,0.78501,1.00,1.50
2014.07.14 14:30:12.071,0.78475,0.785,1.50,1.00
2014.07.14 14:30:13.501,0.78475,0.78501,1.00,1.50
2014.07.14 14:30:14.275,0.78475,0.785,1.50,1.00
2014.07.14 14:30:16.037,0.78475,0.78501,1.00,1.50
2014.07.14 14:30:16.412,0.78479,0.78501,1.00,1.00
2014.07.14 14:30:18.674,0.78475,0.78501,2.25,1.50
2014.07.14 14:30:27.193,0.78474,0.78498,1.50,1.00
2014.07.14 14:30:27.861,0.78475,0.78498,1.00,1.00
2014.07.14 14:30:29.520,0.78474,0.78499,1.00,1.00
2014.07.14 14:30:31.795,0.78475,0.78499,1.00,1.00
2014.07.14 14:30:32.384,0.78479,0.78499,1.00,1.00
2014.07.14 14:30:32.826,0.78476,0.785,1.00,1.50
2014.07.14 14:30:33.153,0.78479,0.785,1.00,1.00
2014.07.14 14:30:33.695,0.78479,0.78501,1.00,1.00
2014.07.14 14:30:34.631,0.78479,0.78502,1.00,1.13
2014.07.14 14:30:37.115,0.7848,0.78502,1.00,1.13
2014.07.14 14:30:39.641,0.78479,0.78502,1.00,1.13
2014.07.14 14:30:41.941,0.78479,0.78501,1.00,1.00
2014.07.14 14:30:49.891,0.78474,0.78501,1.00,1.50
2014.07.14 14:30:55.630,0.78479,0.78501,1.00,1.00
2014.07.14 14:30:55.731,0.78475,0.785,1.00,1.50
2014.07.14 14:30:55.832,0.78475,0.785,1.00,1.88
2014.07.14 14:30:57.263,0.78474,0.78498,1.00,1.13
2014.07.14 14:30:58.303,0.78475,0.78498,1.00,1.13
2014.07.14 14:30:59.201,0.78475,0.785,1.00,1.88
2014.07.14 14:30:59.252,0.78479,0.785,1.00,1.13
2014.07.14 14:31:00.343,0.78475,0.785,1.00,1.13
2014.07.14 14:31:06.923,0.78474,0.785,1.00,1.13
2014.07.14 14:31:11.651,0.78475,0.785,1.00,1.88
2014.07.14 14:31:15.501,0.78474,0.785,1.00,1.13
2014.07.14 14:31:33.430,0.78475,0.785,1.00,1.88
2014.07.14 14:31:39.150,0.78474,0.785,1.00,1.13
2014.07.14 14:31:39.693,0.78479,0.78502,1.00,1.38
2014.07.14 14:31:39.811,0.78479,0.78502,1.00,1.00
2014.07.14 14:31:39.963,0.78479,0.78504,1.00,1.00
2014.07.14 14:31:40.114,0.78484,0.78504,1.00,1.00
2014.07.14 14:31:40.215,0.78484,0.78506,1.00,1.13
2014.07.14 14:31:40.366,0.78479,0.78506,1.50,1.88
2014.07.14 14:31:40.416,0.78479,0.78504,1.00,1.00
2014.07.14 14:31:40.668,0.78474,0.78501,3.38,1.00
2014.07.14 14:31:40.719,0.78474,0.78501,3.00,1.38
2014.07.14 14:31:43.290,0.78475,0.78499,1.00,1.88
2014.07.14 14:31:43.820,0.78474,0.78499,1.00,1.13
2014.07.14 14:31:45.161,0.78475,0.78499,1.00,1.13
2014.07.14 14:31:46.259,0.78474,0.78499,1.00,1.13
2014.07.14 14:31:49.041,0.78475,0.78499,1.00,2.63
2014.07.14 14:31:49.152,0.78469,0.78496,2.18,1.00
2014.07.14 14:31:49.653,0.7847,0.78495,1.13,1.00
2014.07.14 14:31:50.089,0.78473,0.78495,1.00,1.00
2014.07.14 14:31:50.293,0.78474,0.78498,1.00,1.00
2014.07.14 14:31:51.829,0.78473,0.78495,1.00,1.00
2014.07.14 14:31:53.043,0.78475,0.78498,1.00,1.00
2014.07.14 14:31:53.595,0.78473,0.78496,1.00,1.00
2014.07.14 14:31:53.920,0.78474,0.78498,1.00,1.00
2014.07.14 14:31:54.140,0.78471,0.78496,1.00,1.00
2014.07.14 14:31:56.670,0.78471,0.78495,1.00,1.00
2014.07.14 14:31:57.231,0.78471,0.78496,1.00,1.00
2014.07.14 14:31:57.382,0.78474,0.78498,1.00,1.13
2014.07.14 14:31:57.683,0.78473,0.78496,1.00,1.00
2014.07.14 14:31:59.753,0.78474,0.78498,1.00,1.13
2014.07.14 14:31:59.871,0.78473,0.78495,1.00,1.00
2014.07.14 14:32:00.849,0.78474,0.78498,1.00,1.13
2014.07.14 14:32:01.403,0.78473,0.78496,1.00,1.00
2014.07.14 14:32:02.179,0.78475,0.78498,1.00,1.13
2014.07.14 14:32:04.761,0.78474,0.785,1.00,1.38
2014.07.14 14:32:10.712,0.78474,0.785,1.00,1.75
2014.07.14 14:32:10.820,0.78472,0.78495,1.00,1.38
2014.07.14 14:32:10.871,0.78473,0.78495,1.00,1.00
2014.07.14 14:32:11.072,0.78474,0.78498,1.00,1.00
2014.07.14 14:32:11.583,0.78474,0.78501,1.50,1.38
2014.07.14 14:32:12.680,0.78474,0.78496,1.00,1.00
2014.07.14 14:32:16.640,0.78474,0.78495,1.00,1.00
2014.07.14 14:32:17.300,0.78475,0.785,1.00,1.38
2014.07.14 14:32:18.333,0.78474,0.78501,1.50,1.38
2014.07.14 14:32:20.879,0.78475,0.78501,1.00,1.88
2014.07.14 14:32:21.160,0.78475,0.78501,1.00,1.50
2014.07.14 14:32:21.519,0.78479,0.78503,1.00,1.38
2014.07.14 14:32:23.183,0.78479,0.78503,1.00,1.13
2014.07.14 14:32:36.868,0.7848,0.78503,1.00,1.13
2014.07.14 14:32:41.157,0.78479,0.78503,1.00,1.13
2014.07.14 14:32:50.660,0.78484,0.78503,1.00,1.13
2014.07.14 14:32:50.912,0.78484,0.78506,1.00,1.38
2014.07.14 14:32:56.119,0.78485,0.78508,1.00,1.38
2014.07.14 14:32:57.168,0.78484,0.7851,1.00,1.50
2014.07.14 14:32:57.328,0.78489,0.7851,1.00,1.50
2014.07.14 14:32:57.387,0.78489,0.7851,1.00,1.38
2014.07.14 14:33:00.189,0.78485,0.7851,1.50,1.38
2014.07.14 14:33:01.509,0.7849,0.7851,1.00,1.38
2014.07.14 14:33:04.498,0.78489,0.7851,1.00,1.38
2014.07.14 14:33:05.385,0.78489,0.7851,1.00,1.00
2014.07.14 14:33:10.861,0.7849,0.7851,1.00,1.00
2014.07.14 14:33:11.631,0.78489,0.7851,1.00,1.00
2014.07.14 14:33:12.762,0.7849,0.7851,1.00,1.00
2014.07.14 14:33:12.913,0.78489,0.78514,1.00,1.38
2014.07.14 14:33:13.788,0.78489,0.78512,1.00,1.00
2014.07.14 14:33:14.169,0.78486,0.78511,1.50,1.88
2014.07.14 14:33:14.340,0.7849,0.78511,1.00,1.13
2014.07.14 14:33:17.309,0.78489,0.78511,1.00,1.13
2014.07.14 14:33:18.852,0.78486,0.78511,1.50,1.88
2014.07.14 14:33:19.417,0.78485,0.78511,1.50,1.88
2014.07.14 14:33:20.394,0.78486,0.78511,1.50,1.88
2014.07.14 14:33:22.170,0.78487,0.78511,1.50,1.88
2014.07.14 14:33:22.422,0.78485,0.78511,1.50,1.88
2014.07.14 14:33:22.472,0.78485,0.78509,1.50,1.00
2014.07.14 14:33:22.740,0.78484,0.78511,3.00,1.88
2014.07.14 14:33:22.841,0.78489,0.78511,1.00,1.13
2014.07.14 14:33:22.950,0.78484,0.7851,2.63,1.00
2014.07.14 14:33:23.151,0.78489,0.7851,1.00,1.00
2014.07.14 14:33:23.375,0.78485,0.7851,1.50,1.00
2014.07.14 14:33:23.688,0.78484,0.78509,1.00,1.38
2014.07.14 14:33:27.449,0.78485,0.78509,1.50,1.38
2014.07.14 14:33:27.502,0.78485,0.78509,1.50,1.00
2014.07.14 14:33:27.603,0.78487,0.78509,1.50,1.00
2014.07.14 14:33:27.905,0.78485,0.7851,1.50,1.13
2014.07.14 14:33:29.361,0.78485,0.7851,1.50,1.38
2014.07.14 14:33:30.495,0.78484,0.7851,1.00,1.38
2014.07.14 14:33:33.028,0.78484,0.7851,1.00,1.13
2014.07.14 14:33:33.200,0.78486,0.7851,1.50,1.13
2014.07.14 14:33:33.480,0.78484,0.7851,2.25,1.38
2014.07.14 14:33:37.878,0.78485,0.7851,1.00,1.88
2014.07.14 14:33:40.297,0.78484,0.7851,2.25,1.38
2014.07.14 14:33:40.348,0.78486,0.7851,1.50,1.38
2014.07.14 14:33:41.287,0.7849,0.7851,1.00,1.38
2014.07.14 14:33:42.827,0.78485,0.7851,1.50,1.38
2014.07.14 14:33:43.817,0.78489,0.7851,1.00,1.38
2014.07.14 14:33:44.477,0.78485,0.7851,1.50,1.38
2014.07.14 14:33:47.472,0.78484,0.7851,1.00,1.38
2014.07.14 14:33:47.994,0.78485,0.78507,1.00,1.00
2014.07.14 14:33:48.301,0.78485,0.78505,1.00,1.00
2014.07.14 14:33:48.611,0.7849,0.7851,1.00,1.38
2014.07.14 14:33:49.206,0.78489,0.7851,1.00,1.38
2014.07.14 14:33:49.708,0.7849,0.78508,1.00,1.00
2014.07.14 14:33:50.391,0.78489,0.78508,1.00,1.38
2014.07.14 14:33:52.262,0.7849,0.78508,1.00,1.38
2014.07.14 14:33:54.436,0.7849,0.78508,1.00,1.00
2014.07.14 14:33:54.952,0.78489,0.78509,1.00,1.13
2014.07.14 14:33:58.317,0.78489,0.78508,1.00,1.00
2014.07.14 14:33:58.859,0.78484,0.78508,2.25,1.00
2014.07.14 14:34:00.186,0.78484,0.7851,2.25,1.00
2014.07.14 14:34:03.668,0.78485,0.7851,1.50,1.00
2014.07.14 14:34:03.908,0.78485,0.7851,1.50,1.38
2014.07.14 14:34:08.948,0.78484,0.78509,2.25,1.38
2014.07.14 14:34:16.579,0.78485,0.78509,1.50,1.38
2014.07.14 14:34:20.489,0.78484,0.78509,1.00,1.38
2014.07.14 14:34:26.980,0.78485,0.78509,1.00,1.38
2014.07.14 14:34:27.967,0.78484,0.78509,1.00,1.38
2014.07.14 14:34:29.835,0.78485,0.78509,1.00,1.38
2014.07.14 14:34:30.401,0.78484,0.78509,1.00,1.38
2014.07.14 14:34:30.860,0.78481,0.78505,1.13,1.00
2014.07.14 14:34:31.485,0.7848,0.78505,1.00,1.00
2014.07.14 14:34:32.828,0.78482,0.78506,1.00,1.00
2014.07.14 14:34:34.740,0.7848,0.78506,1.00,1.00
2014.07.14 14:34:41.302,0.78481,0.78506,1.00,1.00
2014.07.14 14:34:44.046,0.78484,0.78509,1.00,1.38
2014.07.14 14:34:47.566,0.78484,0.78506,1.00,1.00
2014.07.14 14:34:48.891,0.78479,0.78506,1.38,1.50
2014.07.14 14:34:50.098,0.7848,0.78505,1.13,1.00
2014.07.14 14:34:50.867,0.78484,0.78506,1.00,1.00
2014.07.14 14:34:52.297,0.78485,0.78506,1.00,1.00
2014.07.14 14:34:59.972,0.78484,0.78506,1.00,1.00
2014.07.14 14:35:02.170,0.78485,0.78506,1.00,1.00
2014.07.14 14:35:04.067,0.78484,0.78505,1.00,1.00
2014.07.14 14:35:06.569,0.78485,0.78505,1.00,1.00
2014.07.14 14:35:07.493,0.78489,0.78507,1.00,1.00
2014.07.14 14:35:07.594,0.78485,0.78507,1.00,1.00
2014.07.14 14:35:07.745,0.78484,0.78509,1.00,1.00
2014.07.14 14:35:08.330,0.78485,0.78509,1.00,1.00
2014.07.14 14:35:09.212,0.78484,0.78509,1.00,1.00
2014.07.14 14:35:11.679,0.78484,0.78505,1.00,1.00
2014.07.14 14:35:19.027,0.78484,0.7851,1.00,1.00
2014.07.14 14:35:19.577,0.78484,0.78509,2.25,1.00
2014.07.14 14:35:23.306,0.78484,0.78508,1.00,1.00
2014.07.14 14:35:24.117,0.78485,0.78508,1.00,1.00
2014.07.14 14:35:26.096,0.78484,0.78508,1.00,1.00
2014.07.14 14:35:26.663,0.78484,0.7851,1.00,1.38
2014.07.14 14:35:27.746,0.78485,0.78508,1.00,1.00
2014.07.14 14:35:30.276,0.78484,0.78508,1.00,1.00
2014.07.14 14:35:32.586,0.78485,0.78508,1.00,1.00
2014.07.14 14:35:32.973,0.78489,0.78508,1.00,1.00
2014.07.14 14:35:33.508,0.78489,0.78507,1.00,1.00
2014.07.14 14:35:33.802,0.7849,0.78509,1.00,1.13
2014.07.14 14:35:34.333,0.78489,0.7851,1.00,1.00
2014.07.14 14:35:34.638,0.7849,0.78508,1.00,1.00
2014.07.14 14:35:35.256,0.78489,0.78508,1.00,1.00
2014.07.14 14:35:35.848,0.7849,0.78508,1.00,1.00
2014.07.14 14:35:36.397,0.78489,0.78508,1.00,1.00
2014.07.14 14:35:39.856,0.78489,0.78509,1.00,1.00
2014.07.14 14:35:40.158,0.7849,0.78511,1.00,1.00
2014.07.14 14:35:41.179,0.78489,0.78511,1.00,1.00
2014.07.14 14:35:41.567,0.78485,0.7851,1.00,1.00
2014.07.14 14:35:42.557,0.78484,0.78511,1.50,1.50
2014.07.14 14:35:44.429,0.78485,0.7851,1.00,1.00
2014.07.14 14:35:46.208,0.78485,0.78508,1.00,1.00
2014.07.14 14:35:46.927,0.78484,0.78507,1.00,1.00
2014.07.14 14:35:56.108,0.78484,0.78508,1.00,1.00
2014.07.14 14:35:56.836,0.78485,0.78508,1.00,1.00
2014.07.14 14:35:57.926,0.78489,0.78508,1.00,1.00
2014.07.14 14:36:05.081,0.78484,0.78508,1.00,1.00
2014.07.14 14:36:08.206,0.78484,0.78509,1.00,1.00
2014.07.14 14:36:09.151,0.78485,0.78509,1.00,1.00
2014.07.14 14:36:09.403,0.78483,0.78505,1.00,1.00
2014.07.14 14:36:09.575,0.7848,0.78505,1.50,1.50
2014.07.14 14:36:10.796,0.78484,0.78505,1.00,1.00
2014.07.14 14:36:10.997,0.78484,0.78507,1.00,1.00
2014.07.14 14:36:12.996,0.78484,0.78508,1.00,1.00
2014.07.14 14:36:13.538,0.78484,0.78509,1.00,1.00
2014.07.14 14:36:15.071,0.78484,0.78507,1.00,1.00
2014.07.14 14:36:15.607,0.78485,0.78507,1.00,1.00
2014.07.14 14:36:16.366,0.78485,0.78508,1.00,1.00
2014.07.14 14:36:16.697,0.78489,0.78508,1.00,1.00
2014.07.14 14:36:16.820,0.78485,0.78508,1.00,1.00
2014.07.14 14:36:19.626,0.78484,0.78507,1.00,1.00
2014.07.14 14:36:19.778,0.78484,0.78509,1.00,1.00
2014.07.14 14:36:20.396,0.78484,0.7851,1.88,1.00
2014.07.14 14:36:20.988,0.78485,0.78511,1.00,1.88
2014.07.14 14:36:21.647,0.78485,0.7851,1.50,1.00
2014.07.14 14:36:22.306,0.7849,0.78511,1.00,1.13
2014.07.14 14:36:23.446,0.78485,0.78511,1.00,1.50
2014.07.14 14:36:23.547,0.78485,0.78511,1.00,1.88
2014.07.14 14:36:23.859,0.78484,0.78506,1.00,1.00
2014.07.14 14:36:24.178,0.78482,0.78506,1.00,1.50
2014.07.14 14:36:26.265,0.78484,0.78506,1.00,1.00
2014.07.14 14:36:29.895,0.78485,0.78506,1.00,1.00
2014.07.14 14:36:31.220,0.78484,0.78506,1.00,1.00
2014.07.14 14:36:31.767,0.78485,0.78506,1.00,1.00
2014.07.14 14:36:37.339,0.78484,0.78506,1.00,1.00
2014.07.14 14:36:39.999,0.78484,0.78509,1.00,1.13
2014.07.14 14:36:41.186,0.78481,0.78506,1.00,1.00
2014.07.14 14:36:42.506,0.78485,0.78507,1.00,1.00
2014.07.14 14:36:50.756,0.78484,0.78509,1.00,1.38
2014.07.14 14:37:00.219,0.78481,0.78505,1.00,1.00
2014.07.14 14:37:00.888,0.78481,0.78506,1.00,1.00
2014.07.14 14:37:03.248,0.78481,0.78506,1.00,1.38
2014.07.14 14:37:03.349,0.78479,0.78506,1.50,2.63
2014.07.14 14:37:04.289,0.7848,0.78504,1.00,1.13
2014.07.14 14:37:04.866,0.78479,0.78504,1.50,1.00
2014.07.14 14:37:05.830,0.7848,0.78504,1.00,1.00
2014.07.14 14:37:06.915,0.78485,0.78504,1.00,1.00
2014.07.14 14:37:07.140,0.78479,0.78504,1.50,1.00
2014.07.14 14:37:07.245,0.78485,0.78504,1.00,1.00
2014.07.14 14:37:08.015,0.78479,0.78504,1.50,1.00
2014.07.14 14:37:08.284,0.7848,0.78506,1.00,1.88
2014.07.14 14:37:08.385,0.78484,0.78506,1.00,1.00
2014.07.14 14:37:08.504,0.78484,0.7851,1.00,1.38
2014.07.14 14:37:11.205,0.78485,0.7851,1.00,1.88
2014.07.14 14:37:11.645,0.78482,0.78506,1.00,1.00
2014.07.14 14:37:11.755,0.78484,0.7851,1.00,1.38
2014.07.14 14:37:14.618,0.78485,0.78509,1.00,1.38
2014.07.14 14:37:15.028,0.78485,0.78511,1.00,1.38
2014.07.14 14:37:16.485,0.78489,0.78512,1.00,1.38
2014.07.14 14:37:17.364,0.78485,0.7851,1.50,1.13
2014.07.14 14:37:17.465,0.78485,0.7851,1.50,1.88
2014.07.14 14:37:17.996,0.78486,0.78511,1.00,1.88
2014.07.14 14:37:24.849,0.78486,0.78511,1.00,1.88
2014.07.14 14:37:24.900,0.78484,0.78511,1.50,1.88
2014.07.14 14:37:25.265,0.78483,0.78506,1.00,1.38
2014.07.14 14:37:25.365,0.78479,0.78506,1.50,1.38
2014.07.14 14:37:31.958,0.7848,0.78505,1.00,1.13
2014.07.14 14:37:33.384,0.78479,0.78506,1.50,1.38
2014.07.14 14:37:34.437,0.78479,0.78506,1.50,1.38
2014.07.14 14:37:38.885,0.7848,0.78505,1.00,1.38
2014.07.14 14:37:39.987,0.78479,0.78506,1.50,1.38
2014.07.14 14:37:49.597,0.78479,0.78504,1.50,1.88
2014.07.14 14:37:51.114,0.7848,0.78506,1.00,1.88
2014.07.14 14:37:51.214,0.78485,0.78506,1.00,1.38
2014.07.14 14:37:52.944,0.7848,0.78506,1.00,1.88
2014.07.14 14:38:00.224,0.78479,0.78506,1.00,1.88
2014.07.14 14:38:05.436,0.78479,0.78505,1.00,1.38
2014.07.14 14:38:05.890,0.78479,0.78501,1.00,1.38
2014.07.14 14:38:12.119,0.78479,0.78501,1.00,1.13
2014.07.14 14:38:13.658,0.7848,0.78505,1.00,2.63
2014.07.14 14:38:14.527,0.78479,0.78503,1.00,1.38
2014.07.14 14:38:15.294,0.78479,0.78505,1.50,1.38
2014.07.14 14:38:15.427,0.78484,0.78505,1.00,1.38
2014.07.14 14:38:17.363,0.78479,0.78505,1.50,1.38
2014.07.14 14:38:20.103,0.78479,0.78505,1.50,1.13
2014.07.14 14:38:20.254,0.78484,0.78505,1.00,1.13
2014.07.14 14:38:20.744,0.78482,0.78505,1.00,1.13
2014.07.14 14:38:21.923,0.78484,0.78508,1.00,1.38
2014.07.14 14:38:22.926,0.78484,0.78508,1.00,1.38
2014.07.14 14:38:29.643,0.78485,0.78508,1.00,1.38
2014.07.14 14:38:30.074,0.78481,0.78506,1.00,1.00
2014.07.14 14:38:30.610,0.78481,0.78505,1.00,1.00
2014.07.14 14:38:30.931,0.78484,0.78506,1.00,1.00
2014.07.14 14:38:31.438,0.78484,0.78508,1.50,1.38
2014.07.14 14:38:31.963,0.78484,0.78508,1.50,1.13
2014.07.14 14:38:35.677,0.78485,0.78511,1.00,1.88
2014.07.14 14:38:36.223,0.78489,0.78511,1.00,1.38
2014.07.14 14:38:43.157,0.78489,0.78511,1.00,1.13
2014.07.14 14:38:43.270,0.78485,0.78511,1.00,1.88
2014.07.14 14:38:43.915,0.78485,0.7851,1.50,1.00
2014.07.14 14:38:44.016,0.78487,0.78511,1.00,1.13
2014.07.14 14:38:44.443,0.78489,0.78513,1.00,1.38
2014.07.14 14:38:44.554,0.78487,0.78511,1.00,1.38
2014.07.14 14:38:44.962,0.78484,0.78509,1.50,1.00
2014.07.14 14:38:58.883,0.78484,0.78509,1.50,1.38
2014.07.14 14:38:59.298,0.78484,0.78509,1.50,1.13
2014.07.14 14:38:59.954,0.78484,0.78507,1.50,1.00
2014.07.14 14:39:00.460,0.78484,0.78508,3.00,1.00
2014.07.14 14:39:01.291,0.78484,0.78508,1.50,1.38
2014.07.14 14:39:01.504,0.78485,0.7851,1.50,1.13
2014.07.14 14:39:01.574,0.78485,0.78508,1.00,1.00
2014.07.14 14:39:01.793,0.78484,0.7851,1.50,1.00
2014.07.14 14:39:02.472,0.78487,0.7851,1.00,1.50
2014.07.14 14:39:05.162,0.7849,0.7851,1.00,1.00
2014.07.14 14:39:07.583,0.78484,0.78505,1.00,1.00
2014.07.14 14:39:09.924,0.78484,0.78506,1.00,1.00
2014.07.14 14:39:15.723,0.78484,0.7851,1.50,1.38
2014.07.14 14:39:17.217,0.78484,0.7851,1.50,1.13
2014.07.14 14:39:17.268,0.78484,0.78505,1.00,1.00
2014.07.14 14:39:17.419,0.78486,0.78511,1.00,1.88
2014.07.14 14:39:18.800,0.78485,0.7851,1.00,1.88
2014.07.14 14:39:20.226,0.78485,0.78508,1.00,1.00
2014.07.14 14:39:21.664,0.78485,0.78505,1.00,1.00
2014.07.14 14:39:22.103,0.78484,0.78508,1.50,1.00
2014.07.14 14:39:23.147,0.78485,0.78508,1.50,1.00
2014.07.14 14:39:23.408,0.78486,0.78511,2.25,1.00
2014.07.14 14:39:25.516,0.78486,0.7851,2.25,1.00
2014.07.14 14:39:27.965,0.7849,0.78512,1.00,1.13
2014.07.14 14:39:28.542,0.78489,0.78513,1.00,1.00
2014.07.14 14:39:29.277,0.7849,0.78514,1.50,1.00
2014.07.14 14:39:29.785,0.78489,0.78514,1.00,1.00
2014.07.14 14:39:30.295,0.7849,0.78515,1.50,1.00
2014.07.14 14:39:31.303,0.78491,0.78515,2.25,1.00
2014.07.14 14:39:32.885,0.78491,0.78516,2.25,1.00
2014.07.14 14:39:34.733,0.78491,0.78515,1.00,1.00
2014.07.14 14:39:35.286,0.78491,0.78516,1.00,1.00
2014.07.14 14:39:35.404,0.78489,0.78515,1.50,1.00
2014.07.14 14:39:36.022,0.78489,0.78513,1.50,1.00
2014.07.14 14:39:36.611,0.7849,0.78516,1.00,1.88
2014.07.14 14:39:37.014,0.7849,0.7851,1.00,1.00
2014.07.14 14:39:48.043,0.78489,0.7851,1.00,1.00
2014.07.14 14:39:50.132,0.7849,0.7851,1.00,1.00
2014.07.14 14:39:50.533,0.78494,0.7851,1.00,1.00
2014.07.14 14:39:50.583,0.78494,0.78512,1.00,1.00
2014.07.14 14:39:50.885,0.78492,0.78516,1.00,1.13
2014.07.14 14:39:51.093,0.78489,0.78513,3.00,1.00
2014.07.14 14:39:53.217,0.78491,0.78515,1.00,1.00
2014.07.14 14:39:53.545,0.78491,0.78515,1.00,1.38
2014.07.14 14:39:53.842,0.78489,0.78513,1.00,1.13
2014.07.14 14:39:54.326,0.78487,0.78511,1.00,1.00
2014.07.14 14:39:55.812,0.78489,0.78513,1.00,1.13
2014.07.14 14:39:56.412,0.78487,0.7851,1.00,1.00
2014.07.14 14:39:59.883,0.78487,0.78511,1.00,1.00
2014.07.14 14:40:00.982,0.78489,0.78513,1.00,1.13
2014.07.14 14:40:01.921,0.78489,0.78511,1.00,1.00
2014.07.14 14:40:03.293,0.78487,0.7851,1.00,1.00
2014.07.14 14:40:05.052,0.78487,0.78511,1.00,1.50
2014.07.14 14:40:05.823,0.78488,0.78511,1.00,1.00
2014.07.14 14:40:06.817,0.7849,0.78512,1.00,1.00
2014.07.14 14:40:06.924,0.7849,0.78514,1.00,1.13
2014.07.14 14:40:08.356,0.78488,0.78511,1.00,1.00
2014.07.14 14:40:08.574,0.7849,0.78514,1.00,1.13
2014.07.14 14:40:12.422,0.78489,0.78514,1.00,1.13
2014.07.14 14:40:13.207,0.7849,0.78514,1.00,1.13
2014.07.14 14:40:14.477,0.78489,0.78514,1.00,1.13
2014.07.14 14:40:14.777,0.78491,0.78516,1.00,1.38
2014.07.14 14:40:16.896,0.78491,0.78515,1.00,1.00
2014.07.14 14:40:17.262,0.7849,0.78513,1.00,1.13
2014.07.14 14:40:21.623,0.78489,0.78513,1.00,1.13
2014.07.14 14:40:22.872,0.78489,0.78512,1.00,1.00
2014.07.14 14:40:30.132,0.78489,0.78515,1.50,1.00
2014.07.14 14:40:32.626,0.78494,0.78515,1.00,1.00
2014.07.14 14:40:33.375,0.78494,0.78516,1.00,1.00
2014.07.14 14:40:34.404,0.78495,0.78517,1.00,1.00
2014.07.14 14:40:38.112,0.78494,0.78517,1.00,1.00
2014.07.14 14:40:38.925,0.78498,0.78517,1.50,1.00
2014.07.14 14:40:39.026,0.78495,0.78518,1.50,1.00
2014.07.14 14:40:39.127,0.78504,0.78518,1.00,1.00
2014.07.14 14:40:39.228,0.78499,0.78518,1.00,1.00
2014.07.14 14:40:41.684,0.785,0.78519,1.00,1.00
2014.07.14 14:40:41.835,0.785,0.78521,1.00,1.00
2014.07.14 14:40:42.434,0.78499,0.78521,1.00,1.00
2014.07.14 14:40:44.823,0.785,0.78521,1.00,1.00
2014.07.14 14:40:45.132,0.78499,0.78518,1.00,1.00
2014.07.14 14:40:45.752,0.78499,0.78517,1.00,1.00
2014.07.14 14:40:46.476,0.78495,0.78517,1.00,1.00
2014.07.14 14:40:47.373,0.78499,0.78517,1.00,1.00
2014.07.14 14:40:47.423,0.78499,0.78519,1.00,1.00
2014.07.14 14:40:47.624,0.78495,0.78517,1.00,1.00
2014.07.14 14:40:47.826,0.78499,0.78517,1.00,1.00
2014.07.14 14:40:48.379,0.78494,0.78517,1.00,1.00
2014.07.14 14:40:48.564,0.785,0.78517,1.00,1.00
2014.07.14 14:40:50.130,0.78499,0.78517,1.00,1.00
2014.07.14 14:40:50.180,0.78499,0.7852,1.00,1.00
2014.07.14 14:40:50.685,0.78499,0.78521,1.00,1.00
2014.07.14 14:40:52.546,0.785,0.78521,1.00,1.00
2014.07.14 14:40:53.324,0.785,0.7852,1.00,1.00
2014.07.14 14:40:53.375,0.785,0.78522,1.00,1.13
2014.07.14 14:40:53.659,0.78496,0.7852,1.00,1.00
2014.07.14 14:40:56.976,0.78495,0.7852,1.13,1.50
2014.07.14 14:40:57.716,0.78499,0.7852,1.00,1.00
2014.07.14 14:41:03.547,0.78495,0.7852,1.13,1.50
2014.07.14 14:41:04.017,0.78499,0.7852,1.00,1.13
2014.07.14 14:41:04.097,0.78494,0.7852,1.50,1.13
2014.07.14 14:41:04.752,0.785,0.7852,1.00,1.13
2014.07.14 14:41:05.522,0.78495,0.7852,1.00,1.88
2014.07.14 14:41:07.062,0.785,0.7852,1.00,1.13
2014.07.14 14:41:14.323,0.78495,0.7852,1.00,1.88
2014.07.14 14:41:18.172,0.78499,0.7852,1.00,1.13
2014.07.14 14:41:18.330,0.78494,0.78518,1.00,1.00
2014.07.14 14:41:18.662,0.78494,0.78515,1.00,1.00
2014.07.14 14:41:19.164,0.78494,0.78514,1.00,1.00
2014.07.14 14:41:19.302,0.78494,0.78518,1.50,1.88
2014.07.14 14:41:19.353,0.78494,0.7852,1.50,1.13
2014.07.14 14:41:19.403,0.78499,0.7852,1.00,1.13
2014.07.14 14:41:21.105,0.78499,0.78521,1.00,1.50
2014.07.14 14:41:25.542,0.78504,0.78521,1.00,1.00
2014.07.14 14:41:25.873,0.78499,0.78521,1.00,1.50
2014.07.14 14:41:28.992,0.78499,0.78521,1.00,1.38
2014.07.14 14:41:29.094,0.78495,0.78521,1.00,1.88
2014.07.14 14:41:29.311,0.78494,0.78517,1.00,1.00
2014.07.14 14:41:29.883,0.78495,0.78517,1.00,1.00
2014.07.14 14:41:30.601,0.78494,0.78517,1.00,1.00
2014.07.14 14:41:31.484,0.78499,0.78517,1.00,1.00
2014.07.14 14:41:31.811,0.78495,0.78517,1.00,1.00
2014.07.14 14:41:36.321,0.78494,0.78517,1.13,1.00
2014.07.14 14:41:37.862,0.78494,0.78517,1.38,1.00
2014.07.14 14:41:38.114,0.78499,0.78518,1.00,1.00
2014.07.14 14:41:38.435,0.78494,0.78518,1.88,1.00
2014.07.14 14:41:39.053,0.78494,0.78519,1.00,1.00
2014.07.14 14:41:39.748,0.78495,0.78518,1.00,1.00
2014.07.14 14:41:41.050,0.78494,0.78518,1.00,1.00
2014.07.14 14:41:46.957,0.78494,0.78519,1.00,1.00
2014.07.14 14:41:47.021,0.78494,0.78519,1.38,1.00
2014.07.14 14:41:47.352,0.78504,0.78525,1.00,1.00
2014.07.14 14:41:48.649,0.78505,0.78525,1.00,1.13
2014.07.14 14:41:49.132,0.78499,0.78525,1.88,1.00
2014.07.14 14:41:49.433,0.78499,0.78523,1.00,1.00
2014.07.14 14:41:50.545,0.78499,0.78521,1.00,1.00
2014.07.14 14:41:51.881,0.78497,0.78521,1.00,1.50
2014.07.14 14:41:52.876,0.78495,0.78521,1.00,1.50
2014.07.14 14:41:53.050,0.78494,0.78519,1.00,1.00
2014.07.14 14:41:54.370,0.78494,0.78517,1.00,1.00
2014.07.14 14:41:55.624,0.78494,0.78519,1.00,1.00
2014.07.14 14:42:02.901,0.78495,0.78519,1.00,1.00
2014.07.14 14:42:03.003,0.78499,0.7852,1.00,1.38
2014.07.14 14:42:03.154,0.78494,0.7852,1.50,1.38
2014.07.14 14:42:03.323,0.78494,0.78516,1.00,1.00
2014.07.14 14:42:05.081,0.78495,0.78516,1.00,1.00
2014.07.14 14:42:07.660,0.78494,0.78516,1.00,1.00
2014.07.14 14:42:23.891,0.7849,0.78515,1.88,1.00
2014.07.14 14:42:25.324,0.78494,0.78516,1.00,1.00
2014.07.14 14:42:26.850,0.78494,0.78518,1.00,1.00
2014.07.14 14:42:27.419,0.78495,0.78518,1.00,1.00
2014.07.14 14:42:27.888,0.78491,0.78515,1.13,1.00
2014.07.14 14:42:28.360,0.78489,0.78511,1.00,1.00
2014.07.14 14:42:39.283,0.7849,0.78511,1.00,1.00
2014.07.14 14:42:40.131,0.7849,0.78513,1.00,1.00
2014.07.14 14:42:40.384,0.78494,0.78513,1.00,1.00
2014.07.14 14:42:43.762,0.78494,0.78514,1.00,1.13
2014.07.14 14:42:43.812,0.78489,0.78514,1.00,1.13
2014.07.14 14:42:44.077,0.78489,0.78514,2.63,1.00
2014.07.14 14:42:44.333,0.78495,0.7852,1.00,1.50
2014.07.14 14:42:45.560,0.78494,0.7852,1.50,1.00
2014.07.14 14:42:46.322,0.78495,0.7852,1.00,1.50
2014.07.14 14:42:47.027,0.78494,0.7852,1.50,1.00
2014.07.14 14:42:49.180,0.78495,0.7852,1.00,1.50
2014.07.14 14:42:51.054,0.78494,0.7852,1.50,1.00
2014.07.14 14:42:51.896,0.78494,0.78519,1.00,1.00
2014.07.14 14:42:58.490,0.78494,0.78519,1.00,1.38
2014.07.14 14:42:59.023,0.78494,0.78516,1.00,1.00
2014.07.14 14:43:02.572,0.7849,0.78515,1.50,1.00
2014.07.14 14:43:02.684,0.78494,0.78516,1.00,1.00
2014.07.14 14:43:04.556,0.78495,0.78517,1.00,1.00
2014.07.14 14:43:05.064,0.78494,0.78517,1.00,1.00
2014.07.14 14:43:06.335,0.78495,0.78517,1.00,1.00
2014.07.14 14:43:16.759,0.78494,0.78517,1.00,1.00
2014.07.14 14:43:17.860,0.78499,0.78517,1.00,1.00
2014.07.14 14:43:22.042,0.78494,0.78517,1.00,1.00
2014.07.14 14:43:26.868,0.78494,0.78516,1.00,1.00
2014.07.14 14:43:34.495,0.78499,0.78516,1.00,1.00
2014.07.14 14:43:34.596,0.78494,0.78516,1.00,1.00
2014.07.14 14:43:34.697,0.78499,0.78516,1.00,1.00
2014.07.14 14:43:35.672,0.78494,0.78516,1.38,1.00
2014.07.14 14:43:43.011,0.78494,0.78516,1.00,1.00
2014.07.14 14:43:43.062,0.78494,0.78514,1.00,1.00
2014.07.14 14:43:43.162,0.7849,0.78514,2.63,1.00
2014.07.14 14:43:43.418,0.78494,0.78513,1.00,1.00
2014.07.14 14:43:46.713,0.78494,0.78511,1.00,1.00
2014.07.14 14:43:48.222,0.78494,0.78512,1.00,1.00
2014.07.14 14:43:49.969,0.78495,0.78512,1.00,1.00
2014.07.14 14:43:54.289,0.78495,0.78513,1.00,1.00
2014.07.14 14:43:55.284,0.78495,0.78512,1.00,1.00
2014.07.14 14:43:56.008,0.78489,0.78512,1.13,1.00
2014.07.14 14:43:57.565,0.78489,0.78513,1.13,1.00
2014.07.14 14:44:00.082,0.78494,0.78513,1.00,1.00
2014.07.14 14:44:00.347,0.78489,0.78513,1.13,1.00
2014.07.14 14:44:00.850,0.78494,0.78513,1.00,1.00
2014.07.14 14:44:01.290,0.78489,0.78513,1.13,1.00
2014.07.14 14:44:01.772,0.78489,0.78511,1.00,1.00
2014.07.14 14:44:02.100,0.7849,0.78514,1.00,1.00
2014.07.14 14:44:02.302,0.78489,0.78512,1.88,1.00
2014.07.14 14:44:03.239,0.78489,0.7851,1.13,1.00
2014.07.14 14:44:03.939,0.78489,0.78512,1.88,1.00
2014.07.14 14:44:04.190,0.78499,0.78514,1.00,1.00
2014.07.14 14:44:04.404,0.78495,0.78513,1.00,1.00
2014.07.14 14:44:06.688,0.78495,0.78512,1.00,1.00
2014.07.14 14:44:07.933,0.78495,0.78511,1.00,1.00
2014.07.14 14:44:08.108,0.7849,0.78511,1.00,1.00
2014.07.14 14:44:08.668,0.7849,0.78508,1.00,1.00
2014.07.14 14:44:09.899,0.78489,0.78507,1.00,1.00
2014.07.14 14:44:10.568,0.78489,0.78508,1.00,1.00
2014.07.14 14:44:14.940,0.78489,0.78507,1.00,1.00
2014.07.14 14:44:16.541,0.7849,0.78507,1.00,1.00
2014.07.14 14:44:17.789,0.78489,0.78507,1.00,1.00
2014.07.14 14:44:18.042,0.78489,0.78509,1.00,1.00
2014.07.14 14:44:18.460,0.78489,0.78507,1.00,1.00
2014.07.14 14:44:22.847,0.78485,0.78507,1.88,1.00
2014.07.14 14:44:33.019,0.78484,0.78506,1.38,1.00
2014.07.14 14:44:33.119,0.78489,0.78506,1.00,1.00
2014.07.14 14:44:33.321,0.78489,0.7851,1.00,1.00
2014.07.14 14:44:33.421,0.78485,0.7851,1.13,1.00
2014.07.14 14:44:33.605,0.78484,0.78507,1.38,1.00
2014.07.14 14:44:36.195,0.78485,0.78507,1.38,1.00
2014.07.14 14:44:37.090,0.78489,0.78507,1.00,1.00
2014.07.14 14:44:37.293,0.78484,0.78505,1.38,1.00
2014.07.14 14:44:44.988,0.7849,0.78505,1.00,1.00
2014.07.14 14:44:45.977,0.78484,0.78505,1.38,1.00
2014.07.14 14:44:51.466,0.78485,0.78503,1.00,1.00
2014.07.14 14:44:52.088,0.78484,0.78502,1.00,1.00
2014.07.14 14:44:52.417,0.78485,0.78504,1.00,1.00
2014.07.14 14:44:55.208,0.78484,0.78504,1.00,1.00
2014.07.14 14:44:55.908,0.78485,0.78504,1.00,1.00
2014.07.14 14:44:55.959,0.78485,0.78502,1.00,1.00
2014.07.14 14:44:56.276,0.78484,0.78504,1.00,1.00
2014.07.14 14:44:56.810,0.78484,0.78505,1.00,1.00
2014.07.14 14:44:57.271,0.78485,0.78503,1.00,1.00
2014.07.14 14:45:00.428,0.78484,0.78503,1.00,1.00
2014.07.14 14:45:00.779,0.78484,0.78505,1.00,1.00
2014.07.14 14:45:01.342,0.78485,0.78505,1.00,1.00
2014.07.14 14:45:02.112,0.78484,0.78505,1.13,1.00
2014.07.14 14:45:04.648,0.78484,0.78504,1.13,1.00
2014.07.14 14:45:04.853,0.78484,0.78502,1.13,1.00
2014.07.14 14:45:05.069,0.78484,0.78504,1.00,1.00
2014.07.14 14:45:06.883,0.78485,0.78504,1.00,2.25
2014.07.14 14:45:11.126,0.78485,0.78502,1.00,1.00
2014.07.14 14:45:13.266,0.78479,0.78502,1.38,1.00
2014.07.14 14:45:13.367,0.78484,0.78502,1.00,1.00
2014.07.14 14:45:13.765,0.78484,0.78499,1.00,1.00
2014.07.14 14:45:13.816,0.7848,0.78499,1.38,1.00
2014.07.14 14:45:14.019,0.78484,0.78499,1.00,1.00
2014.07.14 14:45:14.263,0.78479,0.78499,1.00,1.00
2014.07.14 14:45:17.298,0.7848,0.78499,1.00,1.00
2014.07.14 14:45:17.742,0.78484,0.78499,1.00,1.00
2014.07.14 14:45:17.894,0.78479,0.78499,1.00,1.00
2014.07.14 14:45:18.196,0.78479,0.78497,1.00,1.00
2014.07.14 14:45:18.935,0.78479,0.78498,1.00,1.00
2014.07.14 14:45:19.569,0.78479,0.78497,1.00,1.00
2014.07.14 14:45:21.286,0.78479,0.78499,1.00,1.00
2014.07.14 14:45:21.387,0.78484,0.78499,1.00,1.00
2014.07.14 14:45:24.679,0.78479,0.78499,1.00,1.00
2014.07.14 14:45:24.772,0.78484,0.78499,1.00,1.00
2014.07.14 14:45:24.902,0.78479,0.78499,1.00,1.00
2014.07.14 14:45:25.122,0.78485,0.78499,1.00,1.00
2014.07.14 14:45:26.528,0.78479,0.78499,1.00,1.00
2014.07.14 14:45:28.400,0.78484,0.78499,1.00,1.00
2014.07.14 14:45:30.048,0.78479,0.78499,1.00,1.00
2014.07.14 14:45:30.603,0.78484,0.78499,1.00,1.00
2014.07.14 14:45:31.598,0.78485,0.78499,1.00,1.00
2014.07.14 14:45:32.581,0.78484,0.78499,1.00,1.00
2014.07.14 14:45:38.298,0.78485,0.78499,1.00,1.00
2014.07.14 14:45:39.184,0.78484,0.78499,1.00,1.00
2014.07.14 14:45:39.422,0.78484,0.78501,1.00,1.00
2014.07.14 14:45:41.276,0.78484,0.78502,1.00,1.00
2014.07.14 14:45:41.729,0.7849,0.78501,1.00,1.00
2014.07.14 14:45:41.829,0.7849,0.78503,1.00,1.00
2014.07.14 14:45:42.365,0.78489,0.78504,1.00,1.00
2014.07.14 14:45:43.018,0.78489,0.78505,1.00,1.00
2014.07.14 14:45:45.469,0.78484,0.78505,1.50,1.00
2014.07.14 14:45:47.882,0.7849,0.78505,1.00,1.00
2014.07.14 14:45:51.444,0.78485,0.78505,1.05,1.00
2014.07.14 14:45:51.649,0.78489,0.78504,1.00,1.00
2014.07.14 14:45:53.137,0.78489,0.78505,1.00,1.00
2014.07.14 14:45:53.820,0.7849,0.78506,1.00,1.00
2014.07.14 14:46:00.430,0.7849,0.78505,1.00,1.00
2014.07.14 14:46:02.558,0.78489,0.78504,1.00,1.00
2014.07.14 14:46:06.232,0.78489,0.78506,1.00,1.00
2014.07.14 14:46:09.300,0.7849,0.78506,1.00,1.00
2014.07.14 14:46:10.108,0.78489,0.78506,1.00,1.00
2014.07.14 14:46:11.539,0.7849,0.78506,1.00,1.00
2014.07.14 14:46:22.318,0.78489,0.78506,1.00,1.00
2014.07.14 14:46:23.062,0.7849,0.78506,1.00,1.00
2014.07.14 14:46:27.117,0.78489,0.78506,1.00,1.00
2014.07.14 14:46:28.547,0.7849,0.78506,1.00,1.00
2014.07.14 14:46:29.987,0.7849,0.78504,1.00,1.00
2014.07.14 14:46:31.308,0.78489,0.78506,1.00,1.00
2014.07.14 14:46:35.560,0.78489,0.78504,1.00,1.00
2014.07.14 14:46:41.401,0.78484,0.78504,1.13,1.00
2014.07.14 14:46:41.753,0.78485,0.78501,1.00,1.00
2014.07.14 14:46:42.288,0.78484,0.785,1.00,1.00
2014.07.14 14:46:42.571,0.78479,0.785,1.00,1.00
2014.07.14 14:46:45.893,0.78479,0.78499,1.00,1.00
2014.07.14 14:46:46.094,0.78485,0.78499,1.00,1.00
2014.07.14 14:46:46.472,0.78485,0.78497,1.00,1.00
2014.07.14 14:46:46.987,0.78485,0.785,1.00,1.00
2014.07.14 14:46:51.277,0.78485,0.78501,1.00,1.00
2014.07.14 14:46:51.496,0.78485,0.78503,1.00,1.13
2014.07.14 14:46:52.046,0.78485,0.78501,1.00,1.00
2014.07.14 14:46:52.577,0.78489,0.78501,1.00,1.00
2014.07.14 14:46:52.729,0.78489,0.78503,1.00,1.00
2014.07.14 14:46:52.797,0.78484,0.78503,1.00,1.00
2014.07.14 14:46:52.848,0.78484,0.78506,1.00,1.00
2014.07.14 14:46:53.037,0.78484,0.78504,1.00,1.00
2014.07.14 14:46:56.938,0.78485,0.78504,1.00,1.00
2014.07.14 14:46:58.037,0.78484,0.78504,1.00,1.00
2014.07.14 14:47:08.546,0.78484,0.78505,1.00,1.00
2014.07.14 14:47:10.028,0.78485,0.78505,1.00,1.00
2014.07.14 14:47:14.866,0.78484,0.78505,1.00,1.00
2014.07.14 14:47:22.289,0.78485,0.78505,1.00,1.00
2014.07.14 14:47:22.391,0.78479,0.78505,2.48,1.00
2014.07.14 14:47:22.571,0.78484,0.78504,1.00,1.00
2014.07.14 14:47:27.058,0.78485,0.78502,1.00,1.00
2014.07.14 14:47:28.050,0.78484,0.78502,1.00,1.00
2014.07.14 14:47:39.927,0.78484,0.78504,1.00,1.00
2014.07.14 14:47:42.131,0.78485,0.78504,1.00,1.00
2014.07.14 14:47:44.769,0.78484,0.78504,1.00,1.00
2014.07.14 14:47:47.697,0.78485,0.78504,1.00,1.00
2014.07.14 14:47:48.226,0.78484,0.78504,1.00,1.00
2014.07.14 14:47:53.136,0.78485,0.78504,1.00,1.00
2014.07.14 14:47:54.187,0.78484,0.78504,1.00,1.00
2014.07.14 14:47:58.857,0.78484,0.78503,1.00,1.00
2014.07.14 14:48:02.656,0.78485,0.78503,1.00,1.00
2014.07.14 14:48:04.306,0.78484,0.78503,1.00,1.00
2014.07.14 14:48:10.025,0.78485,0.78503,1.00,1.00
2014.07.14 14:48:19.929,0.78484,0.78503,1.00,1.00
2014.07.14 14:48:22.978,0.78485,0.78503,1.00,1.00
2014.07.14 14:48:23.630,0.78485,0.78504,1.00,1.00
2014.07.14 14:48:24.709,0.78484,0.78504,1.00,1.00
2014.07.14 14:48:25.926,0.78484,0.78505,1.00,1.00
2014.07.14 14:48:28.921,0.78489,0.78505,1.00,1.00
2014.07.14 14:48:29.893,0.78489,0.78506,1.00,1.00
2014.07.14 14:48:30.407,0.78489,0.78507,1.00,1.00
2014.07.14 14:48:30.709,0.78489,0.78505,1.00,1.00
2014.07.14 14:48:34.965,0.7849,0.78505,1.00,1.00
2014.07.14 14:48:36.065,0.78489,0.78505,1.00,1.00
2014.07.14 14:48:36.617,0.78484,0.78505,1.00,1.00
2014.07.14 14:48:38.264,0.78485,0.78505,1.00,1.00
2014.07.14 14:48:41.015,0.7849,0.78505,1.00,1.00
2014.07.14 14:48:45.938,0.78489,0.78505,1.00,1.00
2014.07.14 14:48:52.840,0.78489,0.78504,1.00,1.00
2014.07.14 14:48:57.785,0.78489,0.78501,1.00,1.00
2014.07.14 14:48:57.835,0.78484,0.78501,1.00,1.00
2014.07.14 14:48:58.335,0.78485,0.78503,1.00,1.00
2014.07.14 14:48:58.486,0.7849,0.78503,1.00,1.00
2014.07.14 14:48:58.687,0.7849,0.78507,1.00,1.00
2014.07.14 14:48:59.687,0.78489,0.78507,1.00,1.00
2014.07.14 14:49:00.789,0.7849,0.78507,1.00,1.00
2014.07.14 14:49:01.338,0.78489,0.78508,1.00,1.00
2014.07.14 14:49:02.205,0.78489,0.78509,1.00,1.00
2014.07.14 14:49:03.198,0.78489,0.78507,1.00,1.00
2014.07.14 14:49:03.856,0.78489,0.78508,1.00,1.00
2014.07.14 14:49:04.793,0.78494,0.78508,1.00,1.00
2014.07.14 14:49:05.118,0.7849,0.78508,1.00,1.00
2014.07.14 14:49:05.924,0.7849,0.7851,1.00,1.00
2014.07.14 14:49:07.098,0.78489,0.7851,1.00,1.00
2014.07.14 14:49:09.629,0.7849,0.7851,1.00,1.00
2014.07.14 14:49:11.918,0.78489,0.7851,1.00,1.00
2014.07.14 14:49:12.220,0.78489,0.78507,1.00,1.00
2014.07.14 14:49:12.624,0.78484,0.78508,1.50,1.00
2014.07.14 14:49:12.675,0.78484,0.78506,1.00,1.00
2014.07.14 14:49:13.225,0.78484,0.78505,1.00,1.00
2014.07.14 14:49:14.215,0.78484,0.78504,1.00,1.00
2014.07.14 14:49:15.894,0.78484,0.78505,1.00,1.00
2014.07.14 14:49:17.825,0.78485,0.78505,1.00,1.00
2014.07.14 14:49:22.888,0.78484,0.78505,1.00,1.00
2014.07.14 14:49:26.103,0.78484,0.78503,1.00,1.00
2014.07.14 14:49:26.715,0.78484,0.78505,1.00,1.00
2014.07.14 14:49:30.035,0.78484,0.78504,1.00,1.00
2014.07.14 14:49:30.236,0.78484,0.78502,1.00,1.00
2014.07.14 14:49:37.403,0.78485,0.78502,1.00,1.00
2014.07.14 14:49:42.904,0.78484,0.78502,1.00,1.00
2014.07.14 14:49:50.936,0.78485,0.78502,1.00,1.00
2014.07.14 14:49:53.589,0.78484,0.78502,1.00,1.00
2014.07.14 14:50:13.175,0.78485,0.78502,1.00,1.00
2014.07.14 14:50:16.165,0.78484,0.78502,1.00,1.00
2014.07.14 14:50:22.235,0.78485,0.78502,1.00,1.00
2014.07.14 14:50:27.366,0.78484,0.78502,1.00,1.00
2014.07.14 14:50:27.698,0.78489,0.78502,1.00,1.00
2014.07.14 14:50:30.631,0.78489,0.7851,1.00,1.88
2014.07.14 14:50:31.783,0.78484,0.7851,1.00,1.88
2014.07.14 14:50:32.607,0.7849,0.7851,1.00,1.88
2014.07.14 14:50:32.826,0.78485,0.7851,1.00,2.63
2014.07.14 14:50:34.366,0.78489,0.7851,1.00,1.88
2014.07.14 14:50:34.916,0.78484,0.7851,1.00,1.88
2014.07.14 14:50:35.028,0.78484,0.7851,1.00,1.88
2014.07.14 14:50:35.688,0.78485,0.7851,1.00,2.63
2014.07.14 14:50:36.343,0.78484,0.7851,1.00,1.88
2014.07.14 14:50:36.764,0.78484,0.78501,1.00,1.00
2014.07.14 14:50:37.794,0.78485,0.78501,1.00,1.00
2014.07.14 14:50:38.434,0.78484,0.78501,1.00,1.00
2014.07.14 14:50:41.624,0.78485,0.78501,1.00,1.00
2014.07.14 14:50:47.566,0.78484,0.78501,1.00,1.00
2014.07.14 14:50:48.575,0.78484,0.78502,1.00,1.00
2014.07.14 14:50:55.666,0.7848,0.78502,1.00,1.00
2014.07.14 14:50:57.314,0.78485,0.78502,1.00,1.00
2014.07.14 14:50:57.864,0.78484,0.78502,1.00,1.00
2014.07.14 14:50:58.263,0.78484,0.785,1.00,1.00
2014.07.14 14:50:58.737,0.78484,0.78498,1.00,1.00
2014.07.14 14:51:00.272,0.78484,0.78499,1.00,1.00
2014.07.14 14:51:01.643,0.78479,0.78499,1.00,1.00
2014.07.14 14:51:02.142,0.78479,0.78495,1.00,1.00
2014.07.14 14:51:06.832,0.78479,0.78498,1.00,1.00
2014.07.14 14:51:12.055,0.7848,0.78498,1.00,1.00
2014.07.14 14:51:12.781,0.7848,0.78495,1.00,1.00
2014.07.14 14:51:13.279,0.7848,0.78493,1.00,1.00
2014.07.14 14:51:15.814,0.78479,0.78493,1.00,1.00
2014.07.14 14:51:24.784,0.7848,0.78493,1.00,1.00
2014.07.14 14:51:26.563,0.78479,0.78495,1.00,1.00
2014.07.14 14:51:30.067,0.7848,0.78494,1.00,1.00
2014.07.14 14:51:30.954,0.78479,0.78494,1.00,1.00
2014.07.14 14:51:38.071,0.78479,0.78497,1.00,1.00
2014.07.14 14:51:41.852,0.78479,0.78494,1.00,1.00
2014.07.14 14:51:57.988,0.7848,0.78494,1.00,1.00
2014.07.14 14:51:59.156,0.78474,0.78494,1.00,1.00
2014.07.14 14:51:59.583,0.78474,0.7849,1.00,1.00
2014.07.14 14:52:02.785,0.7847,0.7849,1.00,1.00
2014.07.14 14:52:03.316,0.78474,0.7849,1.00,1.00
2014.07.14 14:52:04.416,0.7847,0.7849,1.00,1.00
2014.07.14 14:52:04.742,0.78474,0.7849,1.00,1.00
2014.07.14 14:52:06.941,0.78469,0.7849,1.00,1.00
2014.07.14 14:52:09.694,0.7847,0.7849,1.00,1.00
2014.07.14 14:52:11.897,0.78469,0.7849,1.00,1.00
2014.07.14 14:52:12.112,0.78475,0.7849,1.00,1.00
2014.07.14 14:52:13.985,0.78474,0.7849,1.00,1.00
2014.07.14 14:52:15.081,0.78475,0.7849,1.00,1.00
2014.07.14 14:52:16.183,0.78474,0.7849,1.00,1.00
2014.07.14 14:52:18.165,0.7847,0.7849,1.00,1.00
2014.07.14 14:52:18.385,0.78474,0.7849,1.00,1.00
2014.07.14 14:52:21.904,0.78469,0.7849,1.00,1.00
2014.07.14 14:52:24.212,0.7847,0.7849,1.00,1.00
2014.07.14 14:52:26.086,0.78469,0.7849,1.00,1.00
2014.07.14 14:52:26.195,0.78474,0.7849,1.00,1.00
2014.07.14 14:52:29.923,0.78474,0.78488,1.00,1.00
2014.07.14 14:52:30.081,0.7847,0.78486,1.00,1.00
2014.07.14 14:52:30.596,0.78469,0.78487,1.00,1.00
2014.07.14 14:52:31.471,0.7847,0.78487,1.00,1.00
2014.07.14 14:52:34.817,0.78469,0.78487,1.00,1.00
2014.07.14 14:52:43.024,0.78469,0.78489,1.00,1.00
2014.07.14 14:52:43.136,0.78474,0.78489,1.00,1.00
2014.07.14 14:52:43.347,0.78474,0.78491,1.00,1.00
2014.07.14 14:52:43.448,0.78469,0.78491,1.00,1.00
2014.07.14 14:52:43.622,0.78474,0.78491,1.00,1.00
2014.07.14 14:52:54.131,0.78469,0.78491,1.00,1.00
2014.07.14 14:52:57.258,0.78474,0.78491,1.00,1.00
2014.07.14 14:52:58.053,0.78469,0.7849,1.38,1.00
2014.07.14 14:52:58.422,0.78469,0.7849,1.00,1.00
2014.07.14 14:52:58.603,0.78474,0.7849,1.00,1.00
2014.07.14 14:52:59.481,0.78475,0.7849,1.00,1.00
2014.07.14 14:53:02.120,0.78474,0.7849,1.00,1.00
2014.07.14 14:53:25.550,0.78475,0.7849,1.00,1.00
2014.07.14 14:53:28.739,0.78474,0.7849,1.00,1.00
2014.07.14 14:53:37.986,0.78475,0.7849,1.00,1.00
2014.07.14 14:53:38.510,0.78474,0.78489,1.00,1.00
2014.07.14 14:53:39.525,0.78475,0.78489,1.00,1.00
2014.07.14 14:53:40.065,0.78474,0.7849,1.00,1.00
2014.07.14 14:53:49.054,0.78475,0.7849,1.00,1.00
2014.07.14 14:53:50.699,0.78474,0.7849,1.00,1.00
2014.07.14 14:53:51.581,0.78469,0.7849,1.00,1.00
2014.07.14 14:53:52.131,0.78474,0.7849,1.00,1.00
2014.07.14 14:53:54.335,0.78469,0.7849,1.00,1.00
2014.07.14 14:53:54.504,0.7847,0.78488,1.00,1.00
2014.07.14 14:53:55.979,0.78469,0.78487,1.00,1.00
2014.07.14 14:54:07.494,0.78465,0.78487,1.00,1.00
2014.07.14 14:54:07.645,0.78469,0.78487,1.00,1.00
2014.07.14 14:54:07.872,0.78464,0.78485,1.00,1.00
2014.07.14 14:54:13.540,0.78465,0.78485,1.00,1.00
2014.07.14 14:54:20.802,0.78464,0.78485,1.00,1.00
2014.07.14 14:54:22.231,0.78469,0.78485,1.00,1.00
2014.07.14 14:54:25.353,0.78464,0.78485,1.00,1.00
2014.07.14 14:54:25.852,0.78464,0.78482,1.00,1.00
2014.07.14 14:54:26.029,0.78464,0.78484,1.00,1.00
2014.07.14 14:54:26.249,0.78464,0.7848,1.00,1.00
2014.07.14 14:54:28.645,0.78465,0.7848,1.00,1.00
2014.07.14 14:54:28.695,0.78465,0.78482,1.00,1.00
2014.07.14 14:54:28.796,0.78465,0.78484,1.00,1.00
2014.07.14 14:54:29.484,0.78465,0.78485,1.00,1.00
2014.07.14 14:54:32.899,0.78464,0.78485,1.00,1.00
2014.07.14 14:54:38.128,0.78464,0.78487,1.00,1.00
2014.07.14 14:54:44.086,0.78464,0.78485,1.00,1.00
2014.07.14 14:54:47.148,0.78464,0.78486,1.00,1.00
2014.07.14 14:54:47.637,0.7847,0.78487,1.00,1.00
2014.07.14 14:54:50.385,0.78469,0.78487,1.00,1.00
2014.07.14 14:54:50.618,0.78465,0.78485,1.00,1.00
2014.07.14 14:54:53.152,0.7847,0.78487,1.00,2.25
2014.07.14 14:54:54.408,0.7847,0.78488,1.00,1.00
2014.07.14 14:54:55.882,0.7847,0.78489,1.00,1.00
2014.07.14 14:54:56.190,0.78475,0.7849,1.00,1.00
2014.07.14 14:54:56.660,0.78469,0.7849,1.00,1.00
2014.07.14 14:54:57.824,0.7847,0.7849,1.00,1.50
2014.07.14 14:54:58.571,0.7847,0.78489,1.00,1.00
2014.07.14 14:54:59.462,0.78469,0.78489,1.00,1.00
2014.07.14 14:54:59.835,0.7847,0.78487,1.00,1.50
2014.07.14 14:54:59.891,0.78466,0.78485,1.00,1.00
2014.07.14 14:55:00.230,0.78464,0.78486,1.00,1.50
2014.07.14 14:55:10.896,0.78465,0.78485,1.00,1.00
2014.07.14 14:55:11.772,0.78464,0.78486,1.00,1.50
2014.07.14 14:55:12.211,0.78469,0.78486,1.00,1.00
2014.07.14 14:55:18.031,0.78469,0.78487,1.00,1.00
2014.07.14 14:55:18.393,0.78469,0.7849,1.00,2.25
2014.07.14 14:55:18.747,0.78469,0.78488,1.00,1.50
2014.07.14 14:55:19.383,0.7847,0.78487,1.00,1.00
2014.07.14 14:55:20.572,0.78465,0.78485,1.13,1.00
2014.07.14 14:55:21.673,0.78469,0.78487,1.00,1.00
2014.07.14 14:55:23.641,0.78469,0.78484,1.00,1.00
2014.07.14 14:55:25.453,0.7847,0.78484,1.00,1.00
2014.07.14 14:55:26.632,0.7847,0.78486,1.00,1.00
2014.07.14 14:55:29.033,0.7847,0.78485,1.00,1.00
2014.07.14 14:55:29.251,0.7847,0.78482,1.00,1.00
2014.07.14 14:55:36.713,0.78469,0.78482,1.00,1.00
2014.07.14 14:55:36.864,0.78469,0.78486,1.00,1.00
2014.07.14 14:55:37.386,0.7847,0.78486,1.00,1.00
2014.07.14 14:55:39.750,0.78469,0.78486,1.00,1.00
2014.07.14 14:55:50.908,0.7846,0.78485,1.43,1.00
2014.07.14 14:55:51.059,0.7846,0.78481,1.43,1.00
2014.07.14 14:55:53.843,0.78459,0.78481,1.68,1.00
2014.07.14 14:55:55.842,0.78464,0.78481,1.00,1.00
2014.07.14 14:55:56.146,0.78459,0.78479,1.38,1.00
2014.07.14 14:55:56.640,0.78459,0.78476,1.38,1.00
2014.07.14 14:55:56.691,0.78459,0.78476,1.00,1.00
2014.07.14 14:55:57.534,0.78459,0.78478,1.00,1.00
2014.07.14 14:55:58.042,0.78459,0.78477,1.00,1.00
2014.07.14 14:55:58.701,0.7846,0.78477,1.00,1.00
2014.07.14 14:55:59.610,0.7846,0.78478,1.00,1.00
2014.07.14 14:56:00.300,0.7846,0.78477,1.00,1.00
2014.07.14 14:56:00.630,0.7846,0.78475,1.00,1.00
2014.07.14 14:56:00.951,0.7846,0.78473,1.00,1.00
2014.07.14 14:56:01.457,0.78459,0.78473,1.00,1.00
2014.07.14 14:56:02.969,0.78459,0.78475,1.00,1.00
2014.07.14 14:56:03.531,0.78459,0.78474,1.00,1.00
2014.07.14 14:56:04.042,0.78459,0.78473,1.00,1.00
2014.07.14 14:56:05.398,0.78459,0.78474,1.00,1.00
2014.07.14 14:56:12.787,0.78459,0.78475,1.00,1.00
2014.07.14 14:56:13.642,0.78459,0.78473,1.00,1.00
2014.07.14 14:56:14.236,0.7846,0.78472,1.00,1.00
2014.07.14 14:56:16.291,0.78459,0.78472,1.00,1.00
2014.07.14 14:56:26.283,0.7846,0.78472,1.00,1.00
2014.07.14 14:56:30.401,0.78459,0.78472,1.00,1.00
2014.07.14 14:56:30.502,0.78459,0.78474,1.00,1.00
2014.07.14 14:56:30.603,0.78465,0.78475,1.00,1.00
2014.07.14 14:56:30.704,0.7846,0.78475,1.00,2.25
2014.07.14 14:56:30.805,0.7846,0.78472,1.00,1.00
2014.07.14 14:56:31.115,0.78464,0.78472,1.00,1.00
2014.07.14 14:56:31.165,0.78464,0.78474,1.00,1.00
2014.07.14 14:56:31.266,0.78459,0.78474,1.00,1.00
2014.07.14 14:56:31.721,0.78464,0.78474,1.00,1.00
2014.07.14 14:56:31.904,0.78459,0.78474,1.00,1.00
2014.07.14 14:56:33.329,0.78459,0.78475,1.00,1.00
2014.07.14 14:56:33.710,0.78464,0.78476,1.00,1.00
2014.07.14 14:56:35.419,0.78464,0.78477,1.00,1.00
2014.07.14 14:56:38.611,0.78465,0.78477,1.00,1.00
2014.07.14 14:56:43.339,0.78465,0.78478,1.00,1.00
2014.07.14 14:56:45.763,0.78464,0.78478,1.00,1.00
2014.07.14 14:56:50.972,0.78465,0.78478,1.00,1.00
2014.07.14 14:56:51.535,0.78464,0.78478,1.00,1.00
2014.07.14 14:57:00.249,0.78465,0.78478,1.00,1.00
2014.07.14 14:57:03.180,0.78464,0.78478,1.00,1.00
2014.07.14 14:57:04.120,0.78465,0.78478,1.00,1.00
2014.07.14 14:57:04.739,0.78465,0.78477,1.00,1.00
2014.07.14 14:57:05.404,0.78459,0.78477,1.00,1.00
2014.07.14 14:57:05.932,0.7846,0.78477,1.00,1.00
2014.07.14 14:57:06.640,0.7846,0.78478,1.00,1.00
2014.07.14 14:57:07.192,0.78459,0.78478,1.00,1.00
2014.07.14 14:57:10.731,0.78459,0.7848,1.00,1.00
2014.07.14 14:57:10.949,0.7846,0.78482,1.00,1.00
2014.07.14 14:57:11.530,0.7846,0.7848,1.00,1.00
2014.07.14 14:57:12.092,0.78459,0.7848,1.00,1.00
2014.07.14 14:57:12.300,0.78459,0.78482,1.00,1.00
2014.07.14 14:57:14.362,0.78459,0.78481,1.00,1.00
2014.07.14 14:57:15.458,0.78459,0.7848,1.00,1.00
2014.07.14 14:57:18.669,0.7846,0.7848,1.00,1.00
2014.07.14 14:57:19.278,0.78459,0.7848,1.00,1.00
2014.07.14 14:57:20.138,0.7846,0.7848,1.00,1.00
2014.07.14 14:57:20.929,0.78459,0.7848,1.00,1.00
2014.07.14 14:57:22.752,0.78459,0.78482,1.00,1.00
2014.07.14 14:57:23.378,0.78459,0.78481,1.00,1.00
2014.07.14 14:57:28.239,0.78464,0.78481,1.00,1.00
2014.07.14 14:57:31.342,0.7846,0.78482,1.00,1.00
2014.07.14 14:57:31.551,0.78459,0.7848,1.00,1.00
2014.07.14 14:57:32.095,0.78459,0.78481,1.00,1.00
2014.07.14 14:57:32.435,0.78459,0.78479,1.00,1.00
2014.07.14 14:57:33.192,0.7846,0.78479,1.00,1.00
2014.07.14 14:57:35.278,0.78459,0.78479,1.00,1.00
2014.07.14 14:57:40.645,0.7846,0.78479,1.00,1.00
2014.07.14 14:57:43.539,0.7846,0.78481,1.00,1.00
2014.07.14 14:57:43.870,0.78464,0.78482,1.00,1.00
2014.07.14 14:57:43.990,0.78464,0.78485,1.00,1.00
2014.07.14 14:57:44.493,0.78465,0.78485,1.00,1.00
2014.07.14 14:57:45.065,0.78464,0.78485,1.00,1.00
2014.07.14 14:57:47.569,0.78465,0.78485,1.00,1.00
2014.07.14 14:57:48.109,0.78465,0.78484,1.00,1.00
2014.07.14 14:57:48.579,0.7846,0.78484,1.38,1.00
2014.07.14 14:57:49.870,0.7846,0.78485,1.38,1.50
2014.07.14 14:57:50.516,0.78464,0.78485,1.00,1.00
2014.07.14 14:57:53.333,0.7846,0.78485,1.38,1.50
2014.07.14 14:57:53.484,0.78459,0.78485,1.88,1.00
2014.07.14 14:57:54.002,0.78459,0.78484,1.38,1.00
2014.07.14 14:57:54.280,0.78464,0.78484,1.00,1.00
2014.07.14 14:57:54.392,0.7846,0.78484,1.13,1.00
2014.07.14 14:57:54.594,0.7846,0.78484,1.38,1.00
2014.07.14 14:57:54.970,0.78465,0.78485,1.00,1.00
2014.07.14 14:57:55.629,0.78464,0.78485,1.00,1.00
2014.07.14 14:57:56.149,0.78465,0.78485,1.00,1.00
2014.07.14 14:58:02.628,0.78465,0.78486,1.00,1.00
2014.07.14 14:58:06.599,0.78464,0.78484,1.00,1.00
2014.07.14 14:58:06.858,0.78459,0.78481,1.00,1.00
2014.07.14 14:58:07.028,0.78459,0.78479,1.00,1.00
2014.07.14 14:58:08.018,0.78459,0.78477,1.00,1.00
2014.07.14 14:58:08.395,0.78454,0.78477,1.13,1.00
2014.07.14 14:58:08.581,0.78459,0.78477,1.00,1.00
2014.07.14 14:58:10.549,0.78459,0.78479,1.00,1.00
2014.07.14 14:58:15.153,0.7846,0.78479,1.00,1.00
2014.07.14 14:58:15.843,0.78459,0.78479,1.00,1.00
2014.07.14 14:58:18.822,0.78459,0.78482,1.00,1.00
2014.07.14 14:58:19.548,0.7846,0.78482,1.00,1.00
2014.07.14 14:58:21.239,0.7846,0.78481,1.00,1.00
2014.07.14 14:58:21.479,0.7846,0.78478,1.00,1.00
2014.07.14 14:58:21.530,0.78455,0.78478,1.38,1.00
2014.07.14 14:58:24.102,0.78455,0.78478,1.00,1.00
2014.07.14 14:58:24.611,0.78454,0.78478,2.18,1.00
2014.07.14 14:58:24.869,0.7846,0.78478,1.00,1.00
2014.07.14 14:58:24.970,0.78454,0.78478,1.88,1.00
2014.07.14 14:58:25.071,0.7846,0.78478,1.00,1.00
2014.07.14 14:58:25.172,0.78454,0.78478,1.88,1.00
2014.07.14 14:58:25.410,0.78459,0.78478,1.00,1.00
2014.07.14 14:58:26.808,0.78464,0.78478,1.00,1.00
2014.07.14 14:58:27.059,0.78464,0.7848,1.00,1.00
2014.07.14 14:58:27.160,0.78459,0.7848,1.00,1.00
2014.07.14 14:58:27.975,0.7846,0.78479,1.00,1.00
2014.07.14 14:58:32.648,0.78455,0.78479,1.38,1.00
2014.07.14 14:58:37.008,0.78459,0.78479,1.00,1.00
2014.07.14 14:58:38.327,0.7846,0.78479,1.00,1.00
2014.07.14 14:58:39.579,0.78459,0.78479,1.00,1.00
2014.07.14 14:58:39.909,0.78459,0.78477,1.00,1.00
2014.07.14 14:58:40.519,0.78459,0.78478,1.00,1.00
2014.07.14 14:58:41.180,0.7846,0.78478,1.00,1.00
2014.07.14 14:58:41.728,0.78459,0.78479,1.00,1.00
2014.07.14 14:58:41.890,0.78454,0.78479,1.38,1.00
2014.07.14 14:58:45.920,0.78459,0.78479,1.00,1.00
2014.07.14 14:58:46.183,0.78454,0.78479,1.38,1.00
2014.07.14 14:58:46.360,0.78459,0.78479,1.00,1.00
2014.07.14 14:58:47.123,0.7846,0.78479,1.00,1.00
2014.07.14 14:58:54.206,0.78459,0.78479,1.00,1.00
2014.07.14 14:58:54.568,0.78465,0.78479,1.00,1.00
2014.07.14 14:58:54.620,0.78465,0.78481,1.00,1.00
2014.07.14 14:58:54.788,0.7846,0.78481,1.00,1.00
2014.07.14 14:58:55.138,0.78464,0.78482,1.00,1.00
2014.07.14 14:58:57.803,0.78459,0.78482,1.00,1.00
2014.07.14 14:58:58.351,0.78459,0.78481,1.00,1.00
2014.07.14 14:58:58.557,0.78459,0.78477,1.00,1.00
2014.07.14 14:58:58.822,0.78459,0.78479,1.00,1.00
2014.07.14 14:58:59.341,0.7846,0.78479,1.00,1.00
2014.07.14 14:58:59.671,0.78465,0.78484,1.00,1.00
2014.07.14 14:59:00.838,0.78464,0.78484,1.00,1.00
2014.07.14 14:59:02.626,0.78464,0.78483,1.00,1.00
2014.07.14 14:59:02.846,0.78464,0.78485,1.00,1.13
2014.07.14 14:59:03.208,0.78464,0.78483,1.00,1.00
2014.07.14 14:59:03.409,0.78459,0.78479,1.00,1.00
2014.07.14 14:59:03.727,0.78459,0.78481,1.00,1.00
2014.07.14 14:59:06.503,0.78459,0.78482,1.00,1.00
2014.07.14 14:59:08.536,0.78459,0.78481,1.00,1.00
2014.07.14 14:59:08.650,0.78464,0.78481,1.00,1.00
2014.07.14 14:59:09.201,0.78464,0.78482,1.00,1.00
2014.07.14 14:59:11.067,0.78465,0.78482,1.00,1.00
2014.07.14 14:59:12.595,0.78464,0.78482,1.00,1.00
2014.07.14 14:59:13.341,0.78465,0.78482,1.00,1.00
2014.07.14 14:59:13.849,0.78465,0.78484,1.00,1.00
2014.07.14 14:59:15.140,0.78464,0.78484,1.00,1.00
2014.07.14 14:59:16.679,0.7847,0.78484,1.00,1.00
2014.07.14 14:59:16.830,0.7847,0.7849,1.00,1.50
2014.07.14 14:59:17.520,0.78469,0.7849,1.00,1.00
2014.07.14 14:59:18.416,0.7847,0.7849,1.00,1.50
2014.07.14 14:59:18.621,0.78474,0.7849,1.00,1.00
2014.07.14 14:59:21.657,0.78474,0.7849,1.00,1.38
2014.07.14 14:59:21.909,0.78469,0.78489,1.00,1.00
2014.07.14 14:59:22.010,0.78464,0.78486,1.00,1.50
2014.07.14 14:59:22.366,0.78469,0.78486,1.00,1.00
2014.07.14 14:59:22.979,0.78469,0.78485,1.00,1.00
2014.07.14 14:59:23.131,0.78464,0.78485,1.00,1.00
2014.07.14 14:59:23.649,0.78464,0.78486,1.00,1.00
2014.07.14 14:59:23.779,0.7847,0.78487,1.00,1.00
2014.07.14 14:59:24.557,0.78469,0.78487,1.00,1.00
2014.07.14 14:59:24.658,0.78464,0.78486,1.00,1.00
